3181 5188
1397 575 1475 638 21

635 774 704 857 2)
763 774 830 837 in
874 775 1202 839 enuntiato
1246 776 1546 860 primario
1590 774 1914 840 antecedit
1955 796 2271 860 praesens.

763 880 983 947 Germ.
1054 872 1317 967 28,11.
1430 883 1576 948 hist.
1648 883 1683 947 Ι
1744 884 1803 967 4,
1867 885 1926 947 4.
2010 884 2111 966 42,
2173 884 2231 947 2.
2317 885 2416 968 69,
2460 885 2519 948 2.

763 989 834 1053 ΙΙ
873 990 973 1073 39,
1008 992 1103 1055 13.
1164 992 1262 1075 73,
1293 992 1353 1056 2.
1413 993 1548 1075 100,
1584 993 1679 1071 18.
1750 990 1853 1056 ΠΙ
1900 994 1995 1074 71,
2030 993 2124 1056 17.
2203 991 2302 1056 IV
2335 992 2429 1075 12,
2460 993 2518 1057 5.

759 1099 860 1181 49,
918 1099 976 1162 3.
1019 1099 1084 1167 4.
1140 1101 1240 1183 60,
1303 1102 1398 1164 16.
1504 1122 1652 1164 ann.
1717 1099 1815 1164 IV
1878 1101 1931 1183 1,
1975 1101 2030 1163 7.
2116 1099 2255 1163 XII
2316 1100 2416 1183 24,
2458 1101 2517 1164 2.

762 1206 893 1270 XV
932 1209 1032 1290 54,
1076 1208 1118 1271 2
1173 1207 1268 1290 (in
1310 1208 1432 1272 hoc
1475 1208 1768 1293 exemplo
1813 1207 2120 1272 habemus
2164 1209 2519 1293 perfectum

762 1324 826 1380 et
867 1337 1167 1400 praesens
1213 1317 1280 1379 in
1324 1326 1539 1380 enunt.
1586 1315 1821 1400 prim).

634 1423 702 1505 3)
763 1424 830 1486 in
873 1432 1089 1487 enunt.
1133 1418 1316 1507 prim.
1363 1433 1461 1487 est
1502 1423 1804 1486 futurum.

757 1529 903 1594 hist.
947 1530 1045 1594 IV
1088 1532 1188 1614 67,
1232 1531 1290 1595 9.
1378 1552 1526 1594 ann.
1570 1529 1607 1593 I
1648 1530 1747 1611 58,
1792 1530 1891 1594 25.

630 1639 699 1721 4)
759 1639 885 1703 alia
928 1639 1238 1724 exempla,
1307 1662 1470 1725 quae
1515 1639 1989 1702 coniunctivum
2031 1638 2295 1723 perfecti
2338 1660 2514 1723 prae-

757 1746 930 1829 bent,
998 1768 1266 1831 quorum
1326 1755 1540 1810 tamen
1593 1747 1758 1809 actio
1815 1745 2191 1809 secundaria
2247 1768 2377 1809 non
2434 1747 2515 1810 ab

755 1855 895 1938 ipsa
936 1855 1188 1919 actione
1229 1854 1532 1938 primaria
1572 1852 1829 1938 pendet,
1874 1852 2032 1942 haec
2073 1862 2258 1917 sunt:

758 1960 904 2025 hist.
949 1960 985 2024 I
1032 1962 1127 2045 16,
1172 1962 1271 2024 24.
1314 1961 1441 2036 25,
1475 1961 1576 2043 37,
1625 1963 1677 2024 1.
1738 1961 1840 2043 42,
1882 1962 1923 2025 2
1966 1961 2079 2044 (‘?).
2137 1983 2283 2025 ann.
2314 1960 2384 2024 II
2416 1961 2513 2026 73.

332 2093 395 2158 b.
454 2093 665 2179 apud
715 2094 1172 2160 Caesarem.

633 2201 692 2265 b.
739 2224 801 2286 g.
844 2202 944 2267 VI
987 2203 1084 2267 31.
1173 2201 1508 2266 Ambiorioe
1566 2202 1883 2267 iudicione
1940 2229 2066 2268 non
2124 2203 2514 2288 conduxerit,

755 2336 838 2374 an
882 2311 1176 2406 emolusus
1220 2309 1475 2375 dubium
1519 2324 1624 2374 est.

331 2467 385 2508 c.
453 2444 663 2529 apud
707 2444 1220 2523 Sallustium.

496 2552 566 2636 α)
633 2553 697 2616 in
740 2553 1245 2637 interrogatione
1288 2552 1617 2629 indirecta.
2034 2639 2038 2643 .

630 2660 770 2725 Cat.
813 2662 872 2743 5,
917 2661 975 2724 9.
1064 2662 1122 2744 6,
1166 2660 1226 2724 2.
1312 2662 1368 2744 7,
1411 2661 1471 2725 3.
1553 2660 1654 2744 51,
1697 2661 1756 2725 4.
1818 2662 1917 2725 58.
1963 2662 2019 2724 5.
2121 2661 2263 2745 lug.
2313 2662 2409 2742 17,
2455 2664 2511 2727 7.

624 2768 725 2847 24,
771 2769 826 2832 7.
875 2768 976 2851 40,
1022 2770 1080 2833 3.
1143 2768 1242 2853 67,
1286 2769 1344 2833 3.

492 2876 561 2959 β)
630 2877 696 2940 in
738 2885 954 2941 enunt.
1001 2877 1444 2942 consecutivis.

626 3006 714 3048 or.
759 2983 989 3069 Lepidi
1031 2973 1072 3065 ξ
1118 2985 1214 3049 19.

322 3117 387 3181 d.
446 3118 655 3202 apud
698 3115 1122 3182 Velleium.
1183 3184 1191 3190 ,
1278 3099 1279 3102 ¹

488 3225 558 3307 α)
624 3226 689 3287 in
736 3234 954 3288 enunt.
1001 3226 1440 3289 consecutivis.
1526 3225 1598 3290 Π
1638 3227 1738 3309 27,
1782 3228 1841 3291 5.
1920 3228 2053 3310 120,
2096 3228 2155 3292 3.

487 3330 556 3413 β)
622 3332 688 3393 in
730 3332 1235 3415 interrogatione
1277 3331 1606 3397 indirecta.

591 3439 687 3522 ·1)
744 3437 873 3503 ind.
952 3440 1307 3524 praesentis
1377 3439 1685 3504 habemus
1757 3441 1824 3503 in
1889 3451 2103 3505 enunt.
2171 3442 2506 3525 primario:

747 3546 820 3610 II
859 3548 960 3631 21,
1004 3547 1063 3610 2.
1149 3547 1252 3630 27,
1295 3548 1352 3611 5.
1427 3548 1629 3631 41,,1.
1714 3549 1813 3632 89,
1862 3551 1914 3612 1.
1987 3550 2087 3632 97,
2130 3549 2189 3612 2.
2267 3550 2403 3632 115,
2450 3550 2505 3612 1.

749 3655 886 3737 122,
936 3655 990 3718 1.
1063 3654 1199 3737 124,
1246 3656 1301 3718 1.

617 3762 686 3842 2)
746 3764 1061 3826 coniunct.
1108 3783 1312 3846 praes,
1401 3761 1471 3826 Π
1511 3762 1611 3845 85,
1655 3764 1712 3827 6.
1774 3763 1874 3847 86,
1923 3765 1976 3827 1.
2041 3765 2142 3847 99,
2185 3765 2243 3828 3.

618 3868 686 3952 3)
745 3869 1060 3933 futurum:
1105 3867 1175 3932 Π
1216 3869 1316 3952 48,
1360 3868 1419 3932 4.

487 3974 780 4039 Vidimus
825 3977 1299 4039 coniunctivum
1358 3976 1626 4061 perfecti
1682 3978 1897 4042 multis
1940 3980 2094 4043 locis
2138 4001 2249 4063 pro
2294 3979 2502 4062 logico

321 4082 535 4167 accipi
567 4104 698 4146 non
740 4105 945 4167 posse,
989 4093 1062 4147 ut
1106 4107 1186 4148 ex
1214 4086 1776 4168 grammaticorum
1816 4086 2053 4169 regulis
2098 4086 2503 4163 statuendum

324 4200 478 4253 erat.
566 4189 801 4255 Omnia
843 4201 1057 4254 autem
1099 4190 1208 4254 illa
1266 4193 1558 4276 exempla
1615 4192 1913 4257 facillime
1973 4195 2386 4279 explicantur,
2447 4197 2501 4258 si

330 4298 584 4381 singula
625 4308 980 4383 temporum
1024 4321 1264 4383 genera
1304 4322 1432 4364 non
1476 4301 1566 4364 ita
1596 4302 1977 4366 secernimus
2004 4312 2076 4365 ut
2104 4303 2502 4387 grammatici
