3181 5188
1382 622 1462 685 37

1043 907 1460 991 Particula
1507 908 1781 992 tertia.

488 1188 653 1254 Cum
696 1189 976 1253 secunda
1016 1199 1218 1274 parte,
1284 1211 1411 1274 qua
1471 1191 1538 1252 in
1598 1212 1668 1253 re
1730 1191 2092 1254 consecutio
2151 1200 2511 1277 temporum

317 1297 534 1383 posita
576 1299 676 1381 sit,
719 1298 1234 1380 examinaverim‚
1274 1299 1633 1362 accuratius
1677 1299 1806 1361 iam
1848 1299 2322 1362 enuntiatorum
2352 1307 2508 1363 tem-

319 1406 635 1491 poralium
678 1405 991 1490 quaedam
1034 1427 1273 1489 genera
1314 1405 1626 1469 tractabo,

863 1583 982 1647 De
1038 1584 1467 1667 particula
1520 1596 1969 1668 postquam.

486 1715 860 1779 Hoffmanni
903 1717 1067 1779 ratio
1128 1717 1194 1779 in
1237 1714 1631 1800 explicandis
1674 1717 2089 1802 temporibus,
2146 1738 2311 1801 quae
2367 1738 2511 1779 cum

318 1825 635 1909 particula
672 1838 1006 1909 postquam
1062 1825 1537 1907 coniunguntur
1596 1823 1754 1889 haec
1809 1823 1944 1888 fere
2006 1833 2103 1889 est
2126 1825 2215 1907 ¹):
2282 1825 2508 1909 imper-

318 1931 561 1995 fectum
606 1941 670 1995 et
711 1930 1435 2016 plusquamperfectum,
1493 1933 1546 1996 si
1604 1933 1736 1995 vim
1789 1931 2029 1996 habent
2069 1933 2406 1997 relativam
2448 1934 2515 1995 in

320 2040 668 2104 enuntiatis
717 2039 1171 2123 temporalibus
1214 2062 1345 2103 non
1388 2042 1818 2123 inveniuntur,
1873 2041 1998 2103 nisi
2041 2041 2515 2106 coniunctivum

316 2149 688 2234 praebeant,
749 2169 875 2233 qua
933 2147 1014 2212 de
1057 2169 1249 2212 causa
1310 2148 1729 2212 indicativum
1781 2148 2140 2232 imperfecti
2193 2149 2258 2212 in
2318 2170 2512 2213 enun-

319 2258 498 2322 tiatis
541 2279 581 2321 a
622 2257 935 2342 particula
985 2267 1324 2342 postquam
1386 2257 1836 2342 incipientibus
1894 2279 2026 2321 non
2079 2258 2212 2321 vim
2269 2266 2510 2343 tempo-

317 2364 519 2429 ralem
562 2366 895 2429 relativam
938 2364 1176 2430 habere
1191 2417 1208 2448 ‚
1272 2365 1384 2430 sed
1447 2366 1819 2450 qualitatem
1876 2373 2127 2429 tantum
2192 2365 2512 2450 quandam

318 2467 589 2538 actionis
683 2474 1080 2558 significare,
1167 2474 1774 2560 plusquamperfecti
1857 2488 2011 2539 vero
2096 2474 2512 2539 indicativum

321 2604 573 2669 semper
615 2582 825 2667 logice
866 2606 1007 2648 esse
1049 2582 1559 2667 intellegendum¹
1604 2582 1665 2647 h.
1712 2606 1764 2648 e.
1831 2583 2001 2648 idem
2042 2582 2258 2649 valere
2316 2593 2511 2670 atque

320 2692 784 2777 imperfectum,
852 2691 1022 2777 quod
1068 2690 1327 2777 quidem
1366 2690 1526 2754 nihil
1568 2690 1740 2755 aliud
1785 2690 2102 2775 significet
2142 2692 2267 2755 nisi
2310 2692 2507 2777 quali-

196 2809 199 2812 ’
318 2810 519 2865 tatem
561 2800 885 2885 quandam
928 2802 1199 2864 actionis
1242 2822 1373 2864 11011
1415 2800 1719 2885 temporis
1763 2800 2107 2864 notionem.

488 2908 731 2973 Contra
771 2907 938 2972 hanc
981 2909 1366 2972 sententiam
1410 2907 1748 2972 dicendum
1792 2918 1909 2992 est,
1966 2910 2021 2973 si
2062 2905 2506 2993 imperfectum

320 3018 387 3080 in
430 3017 775 3081 enuntiatis
833 3038 873 3079 a
926 3016 1240 3101 particula
1290 3029 1628 3102 postquam
1683 3017 2132 3102 incipientibus
2174 3017 2306 3080 vim
2347 3024 2504 3080 tem-

319 3125 602 3210 poralem
662 3124 999 3188 relativam
1060 3135 1192 3187 11011
1265 3123 1499 3188 habeat
1514 3174 1531 3207 ‚
1618 3123 1732 3188 sed
1806 3125 2178 3210 qualitatem
2255 3133 2507 3188 tantum

320 3234 588 3297 actionis
633 3233 1047 3298 secundariae
1089 3234 1345 3317 indicet,
1411 3232 1475 3297 id
1518 3254 1650 3298 non
1694 3255 1834 3298 esse
1876 3232 2026 3298 inde
2067 3232 2503 3318 repetendum,

321 3340 492 3427 quod
575 3341 958 3405 indicativus
1042 3340 1398 3427 imperfecti
1468 3342 1534 3404 in
1621 3341 1965 3405 enuntiatis
2048 3340 2505 3425 temporalibus

320 3449 484 3513 hanc
540 3451 673 3513 vim
748 3449 1162 3534 temporalem
1234 3449 1568 3514 relativam
1631 3469 1763 3513 11011
1833 3448 2068 3513 habeat
2089 3498 2104 3528 ,
2186 3447 2295 3519 sed
2354 3448 2504 3514 inde

321 3556 491 3641 quod
539 3579 684 3621 cum
739 3559 1004 3622 notione
1060 3558 1409 3643 particulae
1456 3570 1793 3643 postquam
1850 3565 2020 3621 stare
2076 3557 2317 3641 nequit,
2378 3577 2505 3640 qua

321 3665 718 3749 significatur
761 3666 928 3730 actio
972 3664 1347 3729 secundaria
1388 3685 1519 3728 11011
1553 3673 1867 3750 quatenus
1906 3686 2021 3749 per
2055 3664 2225 3728 idem
2250 3673 2501 3749 tempus

320 3774 556 3838 actioni
597 3774 935 3858 primariae
976 3772 1197 3855 durat,
1256 3771 1370 3837 sed
1414 3781 1728 3858 quatenus
1770 3781 1883 3835 aut
1925 3771 2211 3857 perfecta
2254 3780 2350 3836 est
2391 3781 2502 3836 aut

319 3882 576 3967 incepit,
638 3882 1006 3966 priusquam
1062 3881 1229 3944 actio
1287 3881 1589 3966 primaria
1647 3880 1927 3964 incipiat.
2013 3879 2499 3964 Plusquamper-

323 3988 474 4053 fecti
516 4010 668 4052 vero
712 3990 1056 4072 genuinam
1113 4010 1189 4051 ac
1244 3989 1569 4073 propriam
1621 3987 1949 4052 notionem
2009 4008 2139 4050 non
2197 3987 2500 4070 intellego

323 4117 430 4159 cur
486 4105 809 4160 mutemus
869 4096 933 4159 in
989 4094 1345 4180 imperfecti
1400 4096 1532 4158 vim
1604 4117 1681 4159 ac
1734 4093 2299 4178 significationem,
2358 4114 2501 4157 cum

463 4397 505 4466 ¹)
543 4386 929 4465 Zeitpartikeln
963 4415 1012 4464 p.
1049 4400 1116 4449 46
1151 4413 1262 4464 sqq.
