3181 5188
1741 608 1825 674 20

853 814 920 897 γ)
985 811 1109 876 duo
1168 823 1456 896 tempora
1512 813 1851 876 coniuncta
1912 820 2060 877 sunt
2124 812 2188 875 in
2259 812 2588 876 enuntiato
2652 833 2910 875 secun·

983 920 1198 983 dario:

990 1028 1053 1111 1)
1109 1026 1464 1112 perfectum
1508 1037 1571 1091 et
1613 1027 2096 1112 imperfectum:
2141 1026 2176 1090 I
2217 1028 2275 1109 9,
2325 1032 2377 1090 1.

981 1136 1050 1219 2)
1108 1135 1460 1220 perfectum
1505 1145 1569 1200 et
1613 1157 1951 1220 praesens:
2003 1134 2039 1198 I
2085 1135 2180 1217 18,
2250 1135 2281 1198 1
2308 1134 2542 1220 floruit
2583 1133 2760 1213 adeo,
2817 1148 2908 1197 ut

1109 1257 1408 1329 separata
1463 1244 1610 1323 sim,
1667 1244 1980 1307 existimes
2038 1264 2162 1327 quo
2219 1243 2284 1305 in
2347 1241 2636 1326 exemplo
2693 1242 2903 1305 notio

1108 1351 1473 1436 temporalis
1538 1352 1858 1436 participii
1932 1364 2232 1436 separata
2296 1352 2388 1414 ita
2450 1351 2739 1433 evanuit,
2804 1360 2902 1413 ut

1108 1458 1464 1544 perfectum
1519 1458 1672 1522 illud
1734 1460 2156 1542 compositum
2208 1479 2408 1542 prope
2466 1456 2729 1521 accedat
2789 1458 2898 1521 ad

1110 1566 1639 1651 significationem
1672 1567 2059 1651 praesentis;
2103 1564 2185 1630 ad
2214 1567 2484 1630 alterum
2513 1565 2894 1629 membrum

1110 1675 1189 1738 cf.
1236 1674 1305 1738 [I
1348 1674 1484 1757 128,
1526 1674 1569 1736 4
1611 1697 1678 1738 eo
1715 1673 2041 1759 perduaeit,
2087 1688 2154 1737 ut
2197 1674 2473 1738 advocet.

686 1808 767 1870 in
812 1809 1504 1891 interrogatione
1547 1807 1983 1872 indirecta.

849 1942 918 2019 α)
983 1940 1050 2002 in
1093 1948 1306 2003 enunt.
1352 1962 1446 2024 pr.
1492 1948 1589 2003 est
1634 1939 1888 2002 indicat.
1934 1939 2219 2024 perfecti.

951 2045 1052 2130 ,Π
1096 2047 1195 2130 82,
1237 2048 1296 2110 2.
1593 2149 1599 2155 ⁸

846 2156 916 2237 β)
984 2153 1240 2218 indicat.
1286 2153 1660 2239 imperfecti.

889 2370 913 2454 )
981 2261 1015 2324 I
1057 2262 1115 2345 3,
1163 2263 1217 2325 1.

846 2393 886 2454 γ
1659 2423 1664 2429 .

981 2476 1016 2540 I
1061 2477 1156 2559 15,
1200 2477 1241 2538 5
1285 2475 1796 2559 (mandaverim).

846 2610 932 2673 II.
979 2609 1298 2689 Quoniam
1342 2609 1634 2674 omnibus
1678 2611 1813 2674 fere
1877 2611 1942 2673 in
2002 2609 2180 2674 libris
2233 2611 2666 2693 grammaticis
2709 2610 2869 2692 legi-

681 2740 821 2781 mus
865 2719 1038 2782 nulla
1078 2719 1201 2782 nisi
1263 2718 1543 2782 eiusdem
1602 2719 1855 2801 generis
1913 2728 2203 2802 tempora
2245 2719 2546 2801 coniungi
2588 2719 2753 2782 inter
2797 2740 2870 2780 se

681 2849 883 2911 posse,
909 2849 1103 2890 unum
1135 2825 1434 2911 quodque
1462 2827 1816 2911 perfectum
1848 2828 2320 2890 enuntiatorum
2349 2825 2869 2889 secundariorum

678 2956 793 3019 pro
834 2935 1043 3017 logico
1088 2935 1373 3020 perfecto
1418 2934 1786 2999 habendum
1830 2958 1970 2999 esse
2008 2934 2280 3017 videtur,
2325 2937 2379 2998 si
2422 2937 2487 2998 in
2532 2935 2862 2998 enuntiato

680 3043 982 3127 primario
1015 3044 1354 3107 antecedat
1397 3044 1501 3108 vel
1543 3066 1867 3129 praesens,
1912 3044 2015 3108 vel
2044 3043 2345 3107 futurum.
2426 3040 2613 3120 Quod
2642 3061 2864 3105 verum

680 3147 810 3214 non
854 3160 984 3235 est,
1052 3153 1200 3235 quia
1243 3153 1618 3236 saepissime
1682 3157 1747 3215 in
1813 3153 2155 3216 enuntiatis
2222 3149 2625 3230 secundariis,
2686 3158 2863 3212 ante—

685 3258 954 3322 cedente
996 3260 1063 3322 in
1107 3261 1435 3324 enuntiato
1467 3260 1768 3344 primario
1798 3260 2137 3344 praesenti,
2181 3258 2466 3344 perfecta
2508 3258 2865 3320 invenimus

683 3388 847 3450 quae
890 3367 1062 3431 nullo
1107 3367 1296 3431 modo
1340 3389 1453 3452 pro
1497 3367 1722 3451 logicis
1765 3366 1987 3431 haberi
2030 3376 2318 3451 possunt.

678 3521 734 3562 a.
794 3498 1001 3584 apud
1045 3499 1436 3563 Tacitum.

841 3607 911 3691 α)
975 3608 1059 3669 in
1114 3608 1504 3671 enuntiat.
1552 3607 2138 3670 consecutivis.

974 3714 1120 3778 hist.
1165 3715 1199 3778 I
1239 3715 1322 3777 42
1381 3716 1498 3778 huc
1548 3715 1764 3800 potius
1820 3716 1954 3778 eius
2009 3715 2142 3777 vita
2208 3713 2515 3797 famaque
2571 3711 2864 3778 inclinat.

973 3837 1042 3885 ut
1084 3824 1368 3886 conscius
1407 3823 1609 3904 fuerit
1650 3822 1917 3901 scelerae,
1964 3823 2143 3886 euius
2184 3845 2380 3885 eausa
2424 3833 2575 3884 erat.

839 3933 910 4014 β)
977 3932 1058 3993 in
1099 3931 1789 4014 interrogatione
1831 3928 2273 3994 indirecta.

977 4039 1040 4121 1)
1097 4039 1164 4100 in
1226 4046 1441 4102 enunt.
1488 4039 1789 4121 primario
1854 4037 2176 4103 antecedit
2243 4036 2625 4121 perfectum,
2692 4034 2865 4120 quod

1099 4167 1213 4230 pro
1263 4144 1472 4229 logico
1533 4145 1738 4229 accipi
1794 4149 2041 4230 potest:
2108 4146 2267 4229 Agr.
2317 4146 2413 4224 11,
2465 4147 2517 4209 l.
2601 4144 2747 4208 hist.
2792 4143 2863 4207 Π

1096 4253 1198 4336 42,
1239 4253 1282 4314 4
1327 4253 1421 4335 (in
1461 4262 1735 4337 utroque
1778 4253 2109 4337 exemplo:
2152 4252 2576 4338 compertam).
2648 4274 2794 4315 ann.
2826 4251 2860 4314 I

1095 4362 1155 4443 5,
1203 4360 1283 4423 14
1326 4360 1731 4445 (compertum
1772 4360 1907 4443 est).
