3181 5188
1774 610 1856 675 50

736 824 903 899 sunt,
991 823 1062 878 ut
1124 813 1291 876 actio
1367 810 1743 875 secundaria
1814 810 1985 873 omni
2055 809 2325 894 tempori
2402 810 2487 872 sit
2541 813 2915 897 communis,

734 923 994 986 tertium
1036 943 1186 985 vero
1233 919 1395 1002 (Cic.
1441 918 1521 982 ad
1561 918 1762 982 Attio.
1805 916 1903 981 IV
1952 917 2045 999 18,
2094 917 2157 1000 1)
2220 918 2297 979 iis
2355 938 2519 1001 quae
2558 917 2919 982 Hoffmann

734 1029 889 1093 dicit
962 1050 1088 1093 non
1150 1027 1519 1114 explicatur.
1622 1026 1819 1089 Putat
1881 1026 2046 1089 enim
2113 1048 2250 1088 cum
2314 1022 2483 1088 idem
2551 1026 2920 1109 significare

736 1137 907 1223 quod
971 1137 1250 1222 quotiens
1271 1184 1287 1217 ,
1366 1134 1477 1199 sed
1542 1133 1878 1198 difficultas
1944 1132 2167 1197 eadem
2248 1143 2465 1197 manet
2526 1135 2581 1197 si
2643 1134 2917 1199 dicimus

736 1245 1016 1329 quotiens
1056 1242 1256 1323 video,
1320 1241 1486 1318 dedi,
1548 1265 1625 1305 ac
1686 1242 1738 1305 si
1798 1240 2083 1305 dicatur:
2142 1264 2281 1303 cum
2334 1240 2533 1323 vide0,
2592 1241 2748 1306 dedi
2784 1243 2917 1307 for-

738 1361 910 1415 tasse
937 1373 1039 1415 res
1068 1352 1159 1415 ita
1203 1350 1504 1435 explicari
1531 1358 1763 1435 potest,
1806 1359 1878 1412 ut
1904 1348 2218 1412 referatur
2245 1347 2328 1412 ad
2357 1349 2726 1414 alacriorem
2756 1350 2917 1415 libe-

730 1460 1088 1543 rioremque
1130 1461 1195 1521 in
1241 1458 1524 1543 epistolis
1569 1457 2006 1521 elocutionem.
2084 1455 2189 1520 Ad
2232 1455 2390 1520 duos
2421 1455 2692 1540 Vergilii
2733 1458 2913 1522 locos

730 1565 852 1629 hoc
894 1565 1256 1629 addendum
1298 1574 1395 1629 est
1436 1587 1566 1629 non
1610 1574 1742 1629 tam
1784 1566 1851 1628 in
1895 1565 2222 1628 enuntiato
2280 1565 2654 1629 secundario
2710 1566 2912 1628 rario-

730 1695 866 1738 rem
930 1672 1247 1758 quendam
1303 1674 1477 1736 cerni
1537 1694 1722 1735 usum
1734 1722 1752 1756 ‚
1817 1694 2007 1756 quam
2073 1673 2140 1735 in
2201 1674 2529 1736 enuntiato
2588 1673 2914 1757 p1·imari0‚

731 1783 799 1846 in
856 1803 980 1867 quo
1040 1780 1394 1867 perfectum
1449 1780 1690 1843 rariore
1732 1779 1987 1864 quidem
2027 1779 2138 1843 sed
2180 1778 2351 1864 apud
2392 1789 2614 1864 poetas
2670 1781 2915 1843 usitata

732 1889 980 1953 ratione
1021 1898 1394 1973 usurpatum
1438 1898 1535 1951 est
1575 1909 1692 1972 pro
1735 1888 2075 1971 praesenti.

898 1995 1144 2061 Tamen
1211 1994 1686 2060 concedendum
1745 2005 1843 2059 est
1911 1995 2048 2059 fieri
2106 2016 2237 2057 non
2291 2016 2478 2080 posse
2533 1996 2687 2079 quin
2738 1993 2915 2058 hunc

731 2125 934 2188 usum,
978 2105 1153 2168 cuius
1200 2114 1331 2167 tam
1374 2124 1578 2188 pauca
1641 2101 1947 2167 habemus
2006 2103 2298 2188 exempla
2357 2124 2558 2187 eaque
2614 2103 2782 2165 inter
2838 2125 2915 2166 se

729 2211 998 2294 diversa,
1042 2220 1339 2275 accurate
1383 2231 1842 2294 cognoscamus
1886 2209 2455 2294 intellegamusque
2504 2209 2707 2294 qualis
2771 2210 2912 2274 eius

728 2320 812 2383 sit
852 2329 1098 2383 natura.

897 2448 949 2490 e.
1011 2447 1269 2510 praes.
1310 2424 1498 2490 hist.
1540 2461 1625 2471 —
1665 2424 1870 2510 perf.
1925 2424 2117 2489 hist.
2164 2424 2253 2509 (p.
2299 2423 2427 2508 72.)
2511 2423 2694 2489 Haec
2748 2436 2910 2489 tem-

727 2554 954 2620 porum
997 2534 1160 2597 ratio
1204 2531 1363 2598 nihil
1404 2531 1600 2598 habet
1627 2533 1885 2618 proprii,
1931 2554 2126 2597 unum
2149 2554 2301 2599 vero
2334 2535 2692 2619 exemplum
2720 2531 2908 2597 Hoff-

729 2664 922 2705 mann
962 2663 1092 2704 non
1134 2650 1427 2704 accurate
1488 2640 1877 2705 intellexisse
1920 2640 2202 2725 videtur,
2259 2663 2401 2705 cum
2457 2641 2660 2706 dicat:
2717 2655 2912 2705 etwas

730 2748 985 2813 seltsam
1027 2750 1246 2812 uimmt
1287 2748 1418 2811 sich
1458 2746 1584 2811 das
1619 2771 1830 2833 praec.
1876 2750 1945 2812 in
1990 2756 2102 2811 der
2146 2748 2332 2813 Stella
2375 2750 2512 2814 bell.
2554 2751 2715 2838 hisp.
2759 2750 2825 2831 8,
2860 2754 2911 2816 6

728 2881 845 2920 aus
909 2880 1092 2937 „nam
1136 2879 1274 2919 cum
1317 2856 1478 2920 inter
1522 2859 1831 2942 Athuam
1889 2869 1945 2920 ct
2004 2856 2260 2921 Ucubim
2304 2857 2635 2944 Pompeius
2690 2860 2913 2924 habuit

725 2977 939 3027 castra
981 2964 1315 3028 constituta
1358 2963 1426 3026 in
1469 2978 1796 3049 conspectu
1840 2962 2105 3028 duorum
2169 2964 2581 3050 oppidorum,
2647 2967 2725 3030 ab
2766 2968 2908 3031 suis

729 3073 958 3135 castris
1000 3071 1247 3135 circiter
1287 3069 1468 3133 milia
1505 3094 1810 3156 passuum
1854 3085 2148 3156 quattuor
2172 3095 2433 3159 yrumus
2474 3086 2562 3136 est
2603 3073 2911 3141 excellens

733 3192 987 3257 natura,
1031 3179 1146 3263 qui
1184 3178 1550 3263 appellatur
1592 3192 1805 3243 castra
1846 3179 2296 3244 Postumiana“
2343 3182 2411 3244 in
2451 3181 2573 3245 hoc
2613 3182 2906 3267 exemplo

725 3283 1034 3348 habemus
1078 3284 1548 3349 anacoluthiam
1592 3286 1942 3371 quandam,
2003 3309 2303 3372 praesens
2359 3288 2510 3352 illud
2553 3311 2683 3352 non
2723 3312 2906 3373 prae-

730 3414 877 3456 sens
921 3391 1292 3456 historicum
1334 3403 1449 3476 est,
1495 3393 1607 3458 sed
1651 3416 1952 3479 praesens
1996 3417 2297 3480 praesens
2341 3418 2380 3459 a
2421 3406 2558 3459 tota
2585 3406 2907 3462 structura

724 3499 1085 3564 absolutum
1129 3511 1192 3564 et
1234 3501 1409 3564 velut
1451 3501 1517 3564 in
1560 3501 1925 3586 parenthesi
1969 3501 2274 3586 additum,
2320 3504 2646 3566 enuntiato
2689 3514 2902 3568 autem

725 3630 766 3671 a
809 3607 1122 3691 particula
1177 3631 1312 3671 cum
1385 3608 1713 3693 incipienti
1781 3631 1852 3673 re
1908 3631 2062 3674 vera
2117 3609 2462 3695 respondet
2515 3609 2670 3675 illud
2732 3585 2928 3696 quod.

726 3716 1050 3800 sequitur:
1110 3715 1210 3779 ibi
1249 3715 1485 3779 Caesar
1526 3716 1744 3780 habuit
1787 3718 2108 3782 castellum
2153 3722 2547 3783 constitutum
2608 3728 2671 3783 et
2721 3719 2898 3784 locus

724 3823 816 3886 ita
843 3831 942 3887 est
969 3821 1435 3906 intellegendus
1466 3832 1772 3907 tanquam
1806 3825 2110 3909 scriptum
2142 3833 2348 3890 esset:
2393 3850 2527 3891 cum
2562 3826 2778 3890 habuit
2801 3875 2814 3889 .
2842 3875 2855 3889 .
2883 3878 2896 3892 .

720 3928 1044 4015 praesidii
1081 3953 1276 3994 causa
1319 3930 1537 3995 habuit
1577 3931 1901 3995 castellum
1955 3933 2022 3996 in
2078 3956 2317 4021 yrumo,
2383 3936 2499 4019 qui
2532 3927 2898 4020 appellatur

723 4049 937 4101 castra
980 4036 1409 4100 Postumiana.

887 4143 1017 4209 Sed
1058 4142 1216 4207 haec
1258 4143 1575 4209 sufficiunt
1620 4145 1703 4209 ad
1746 4147 2259 4238 cognoscendum
2303 4170 2429 4234 qua
2466 4150 2714 4213 ratione
2742 4149 2896 4214 talia

723 4251 1087 4316 discrimina
1127 4262 1483 4336 temporum
1525 4254 1653 4317 sint
1695 4255 2088 4339 explicanda.
2171 4256 2273 4320 Ac
2328 4256 2407 4321 de
2461 4258 2707 4322 ratione
2769 4280 2895 4343 qua

721 4358 1072 4423 Hoffmann
1114 4360 1244 4422 vim
1286 4359 1620 4424 relativam
1663 4361 2006 4426 indicativo
2046 4362 2401 4447 imperfecti
2432 4373 2495 4427 et
2533 4364 2891 4449 plusquam-
