<?xml version="1.0" encoding="UTF-8"?>
<!DOCTYPE html PUBLIC "-//W3C//DTD XHTML 1.0 Transitional//EN"
    "http://www.w3.org/TR/xhtml1/DTD/xhtml1-transitional.dtd">
<html xmlns="http://www.w3.org/1999/xhtml" xml:lang="en" lang="en">
 <head>
  <title>
</title>
<meta http-equiv="Content-Type" content="text/html;charset=utf-8" />
  <meta name='ocr-system' content='tesseract 3.04.00' />
  <meta name='ocr-capabilities' content='ocr_page ocr_carea ocr_par ocr_line ocrx_word'/>
</head>
<body>
  <div class='ocr_page' id='page_1' title='image "./quaestionessynt02ihmgoog_0061.png"; bbox 0 0 3181 5188; ppageno 0'>
   <div class='ocr_carea' id='block_1_1' title="bbox 1401 587 1483 651">
    <p class='ocr_par' dir='ltr' id='par_1_1' title="bbox 1401 587 1483 651">
     <span class='ocr_line' id='line_1_1' title="bbox 1401 587 1483 651; baseline 0 0"><span class='ocrx_word' id='word_1_1' title='bbox 1401 587 1483 651; x_wconf 90' lang='grc'><strong>55</strong></span> 
     </span>
    </p>
   </div>
   <div class='ocr_carea' id='block_1_2' title="bbox 1239 675 1633 684">
    <p class='ocr_par' dir='ltr' id='par_1_2' title="bbox 1239 675 1633 684">
     <span class='ocr_line' id='line_1_2' title="bbox 1239 675 1633 684; baseline 0 0"><span class='ocrx_word' id='word_1_2' title='bbox 1239 675 1633 684; x_wconf 95' lang='lat' dir='ltr'><strong> </strong></span> 
     </span>
    </p>
   </div>
   <div class='ocr_carea' id='block_1_3' title="bbox 327 787 2525 3036">
    <p class='ocr_par' dir='ltr' id='par_1_3' title="bbox 340 787 2139 872">
     <span class='ocr_line' id='line_1_3' title="bbox 340 787 2139 872; baseline -0.002 -18"><span class='ocrx_word' id='word_1_3' title='bbox 340 790 464 855; x_wconf 91' lang='lat' dir='ltr'><strong>IV.</strong></span> <span class='ocrx_word' id='word_1_4' title='bbox 510 811 681 852; x_wconf 92' lang='lat' dir='ltr'><strong>cum</strong></span> <span class='ocrx_word' id='word_1_5' title='bbox 724 789 1257 851; x_wconf 86' lang='lat' dir='ltr'><strong>coniunctivo</strong></span> <span class='ocrx_word' id='word_1_6' title='bbox 1300 787 2139 872; x_wconf 89' lang='lat' dir='ltr'><strong>plusquamperfecti.</strong></span> 
     </span>
    </p>

    <p class='ocr_par' dir='ltr' id='par_1_4' title="bbox 511 892 2525 2381">
     <span class='ocr_line' id='line_1_4' title="bbox 511 892 2524 981; baseline -0.001 -21"><span class='ocrx_word' id='word_1_7' title='bbox 511 920 597 967; x_wconf 64' lang='lat' dir='ltr'><strong>a„</strong></span> <span class='ocrx_word' id='word_1_8' title='bbox 644 895 1016 981; x_wconf 87' lang='lat' dir='ltr'><strong>perfectum.</strong></span> <span class='ocrx_word' id='word_1_9' title='bbox 1102 898 1172 977; x_wconf 91' lang='grc' dir='ltr'><strong>α)</strong></span> <span class='ocrx_word' id='word_1_10' title='bbox 1215 893 1287 958; x_wconf 93' lang='grc' dir='ltr'><strong>ΙΙ</strong></span> <span class='ocrx_word' id='word_1_11' title='bbox 1329 895 1385 977; x_wconf 93' lang='grc'><strong>7,</strong></span> <span class='ocrx_word' id='word_1_12' title='bbox 1432 897 1488 958; x_wconf 85' lang='grc'>2.</span> <span class='ocrx_word' id='word_1_13' title='bbox 1560 894 1655 976; x_wconf 93' lang='grc'>14,</span> <span class='ocrx_word' id='word_1_14' title='bbox 1704 896 1759 957; x_wconf 95' lang='grc'><strong>1.</strong></span> <span class='ocrx_word' id='word_1_15' title='bbox 1819 894 1920 976; x_wconf 95' lang='grc'><strong>53,</strong></span> <span class='ocrx_word' id='word_1_16' title='bbox 1960 893 2019 957; x_wconf 94' lang='grc'>2.</span> <span class='ocrx_word' id='word_1_17' title='bbox 2085 893 2184 975; x_wconf 93' lang='grc'><strong>92,</strong></span> <span class='ocrx_word' id='word_1_18' title='bbox 2226 893 2285 957; x_wconf 95' lang='grc'>2.</span> <span class='ocrx_word' id='word_1_19' title='bbox 2348 893 2418 976; x_wconf 87' lang='grc' dir='ltr'><strong>β)</strong></span> <span class='ocrx_word' id='word_1_20' title='bbox 2455 892 2524 956; x_wconf 99' lang='lat' dir='ltr'>H</span> 
     </span>
     <span class='ocr_line' id='line_1_5' title="bbox 642 1000 2524 1087; baseline -0.001 -21"><span class='ocrx_word' id='word_1_21' title='bbox 642 1004 701 1086; x_wconf 97' lang='lat'><strong>4,</strong></span> <span class='ocrx_word' id='word_1_22' title='bbox 743 1003 786 1065; x_wconf 92' lang='lat'>4</span> <span class='ocrx_word' id='word_1_23' title='bbox 827 1018 899 1067; x_wconf 76' lang='lat' dir='ltr'><strong>et.</strong></span> <span class='ocrx_word' id='word_1_24' title='bbox 988 1003 1082 1085; x_wconf 99' lang='lat'><strong>12,</strong></span> <span class='ocrx_word' id='word_1_25' title='bbox 1130 1003 1170 1066; x_wconf 89' lang='lat'><strong>3</strong></span> <span class='ocrx_word' id='word_1_26' title='bbox 1214 1002 1311 1065; x_wconf 71' lang='lat' dir='ltr'><strong>vis</strong></span> <span class='ocrx_word' id='word_1_27' title='bbox 1348 1001 1641 1087; x_wconf 74' lang='lat' dir='ltr'><strong>qentium.</strong></span> <span class='ocrx_word' id='word_1_28' title='bbox 1732 1003 1826 1083; x_wconf 87' lang='grc'><strong>15,</strong></span> <span class='ocrx_word' id='word_1_29' title='bbox 1877 1001 1906 1063; x_wconf 95' lang='grc'>1</span> <span class='ocrx_word' id='word_1_30' title='bbox 1968 1002 2263 1063; x_wconf 76' lang='lat' dir='ltr'><strong>universa</strong></span> <span class='ocrx_word' id='word_1_31' title='bbox 2305 1000 2524 1064; x_wconf 79' lang='lat' dir='ltr'><strong>Italia.</strong></span> 
     </span>
     <span class='ocr_line' id='line_1_6' title="bbox 645 1108 2525 1194; baseline -0.002 -20"><span class='ocrx_word' id='word_1_32' title='bbox 645 1112 740 1194; x_wconf 91' lang='lat'><strong>17,</strong></span> <span class='ocrx_word' id='word_1_33' title='bbox 783 1111 824 1175; x_wconf 88' lang='lat'><strong>2</strong></span> <span class='ocrx_word' id='word_1_34' title='bbox 867 1111 982 1174; x_wconf 78' lang='lat' dir='ltr'><strong>hic.</strong></span> <span class='ocrx_word' id='word_1_35' title='bbox 1068 1109 1168 1191; x_wconf 90' lang='lat'><strong>20,</strong></span> <span class='ocrx_word' id='word_1_36' title='bbox 1217 1111 1244 1172; x_wconf 92' lang='lat'><strong>1</strong></span> <span class='ocrx_word' id='word_1_37' title='bbox 1293 1112 1522 1194; x_wconf 78' lang='lat' dir='ltr'><strong>itaque.</strong></span> <span class='ocrx_word' id='word_1_38' title='bbox 1608 1108 1709 1192; x_wconf 92' lang='grc'><strong>24,</strong></span> <span class='ocrx_word' id='word_1_39' title='bbox 1751 1108 1792 1173; x_wconf 87' lang='grc'>2</span> <span class='ocrx_word' id='word_1_40' title='bbox 1834 1122 1905 1172; x_wconf 78' lang='lat' dir='ltr'><strong>et.</strong></span> <span class='ocrx_word' id='word_1_41' title='bbox 1985 1109 2025 1172; x_wconf 90' lang='lat'><strong>3</strong></span> <span class='ocrx_word' id='word_1_42' title='bbox 2071 1108 2272 1172; x_wconf 79' lang='lat' dir='ltr'><strong>Sulla.</strong></span> <span class='ocrx_word' id='word_1_43' title='bbox 2346 1108 2446 1189; x_wconf 88' lang='lat'><strong>27,</strong></span> <span class='ocrx_word' id='word_1_44' title='bbox 2482 1108 2525 1170; x_wconf 89' lang='lat'>4</span> 
     </span>
     <span class='ocr_line' id='line_1_7' title="bbox 643 1215 2524 1302; baseline -0.002 -20"><span class='ocrx_word' id='word_1_45' title='bbox 643 1219 916 1282; x_wconf 74' lang='lat' dir='ltr'><strong>Marius.</strong></span> <span class='ocrx_word' id='word_1_46' title='bbox 1002 1218 1102 1299; x_wconf 89' lang='lat'><strong>32,</strong></span> <span class='ocrx_word' id='word_1_47' title='bbox 1147 1217 1188 1281; x_wconf 89' lang='lat'><strong>2</strong></span> <span class='ocrx_word' id='word_1_48' title='bbox 1231 1218 1358 1302; x_wconf 81' lang='lat' dir='ltr'><strong>qui.</strong></span> <span class='ocrx_word' id='word_1_49' title='bbox 1435 1216 1535 1299; x_wconf 93' lang='lat'><strong>41,</strong></span> <span class='ocrx_word' id='word_1_50' title='bbox 1579 1217 1621 1281; x_wconf 89' lang='lat'><strong>2</strong></span> <span class='ocrx_word' id='word_1_51' title='bbox 1659 1216 1777 1281; x_wconf 74' lang='lat' dir='ltr'><strong>Mc.</strong></span> <span class='ocrx_word' id='word_1_52' title='bbox 1859 1217 1899 1280; x_wconf 99' lang='lat'><strong>3</strong></span> <span class='ocrx_word' id='word_1_53' title='bbox 1939 1215 2121 1279; x_wconf 78' lang='lat' dir='ltr'><strong>idem.</strong></span> <span class='ocrx_word' id='word_1_54' title='bbox 2192 1216 2293 1291; x_wconf 85' lang='lat'><strong>43,</strong></span> <span class='ocrx_word' id='word_1_55' title='bbox 2327 1215 2368 1279; x_wconf 88' lang='lat'><strong>2</strong></span> <span class='ocrx_word' id='word_1_56' title='bbox 2404 1237 2524 1301; x_wconf 84' lang='lat' dir='ltr'><strong>quo</strong></span> 
     </span>
     <span class='ocr_line' id='line_1_8' title="bbox 641 1322 2525 1411; baseline -0.002 -22"><span class='ocrx_word' id='word_1_57' title='bbox 641 1326 883 1411; x_wconf 81' lang='lat' dir='ltr'><strong>quidem</strong></span> <span class='ocrx_word' id='word_1_58' title='bbox 953 1326 1017 1388; x_wconf 79' lang='lat' dir='ltr'><strong>in</strong></span> <span class='ocrx_word' id='word_1_59' title='bbox 1083 1348 1287 1388; x_wconf 75' lang='lat' dir='ltr'><strong>cursu.</strong></span> <span class='ocrx_word' id='word_1_60' title='bbox 1386 1325 1486 1406; x_wconf 91' lang='grc'>48,</span> <span class='ocrx_word' id='word_1_61' title='bbox 1553 1328 1592 1383; x_wconf 82' lang='grc'>6</span> <span class='ocrx_word' id='word_1_62' title='bbox 1658 1324 1785 1410; x_wconf 70' lang='lat' dir='ltr'><strong>qui.</strong></span> <span class='ocrx_word' id='word_1_63' title='bbox 1892 1324 1992 1406; x_wconf 90' lang='grc'><strong>50,</strong></span> <span class='ocrx_word' id='word_1_64' title='bbox 2049 1323 2090 1387; x_wconf 93' lang='grc'>2</span> <span class='ocrx_word' id='word_1_65' title='bbox 2152 1322 2525 1408; x_wconf 76' lang='lat' dir='ltr'><strong>redditaque</strong></span> 
     </span>
     <span class='ocr_line' id='line_1_9' title="bbox 637 1432 2522 1518; baseline -0.002 -22"><span class='ocrx_word' id='word_1_66' title='bbox 637 1434 898 1498; x_wconf 79' lang='lat' dir='ltr'><strong>ratione.</strong></span> <span class='ocrx_word' id='word_1_67' title='bbox 1001 1433 1101 1516; x_wconf 90' lang='grc'><strong>56,</strong></span> <span class='ocrx_word' id='word_1_68' title='bbox 1158 1434 1198 1497; x_wconf 98' lang='lat'><strong>3</strong></span> <span class='ocrx_word' id='word_1_69' title='bbox 1268 1432 1516 1518; x_wconf 79' lang='lat' dir='ltr'><strong>quippe.</strong></span> <span class='ocrx_word' id='word_1_70' title='bbox 1618 1432 1719 1515; x_wconf 87' lang='grc'><strong>58,</strong></span> <span class='ocrx_word' id='word_1_71' title='bbox 1779 1433 1819 1496; x_wconf 98' lang='lat'><strong>3</strong></span> <span class='ocrx_word' id='word_1_72' title='bbox 1894 1444 2224 1494; x_wconf 79' lang='lat' dir='ltr'><strong>convocato</strong></span> <span class='ocrx_word' id='word_1_73' title='bbox 2287 1442 2522 1493; x_wconf 74' lang='lat' dir='ltr'><strong>senatu.</strong></span> 
     </span>
     <span class='ocr_line' id='line_1_10' title="bbox 640 1537 2521 1626; baseline -0.003 -21"><span class='ocrx_word' id='word_1_74' title='bbox 640 1541 739 1624; x_wconf 82' lang='lat'><strong>59,</strong></span> <span class='ocrx_word' id='word_1_75' title='bbox 781 1541 821 1605; x_wconf 90' lang='grc'>2</span> <span class='ocrx_word' id='word_1_76' title='bbox 879 1541 980 1605; x_wconf 77' lang='lat' dir='ltr'><strong>hic</strong></span> <span class='ocrx_word' id='word_1_77' title='bbox 1031 1554 1288 1626; x_wconf 75' lang='lat' dir='ltr'><strong>praeter</strong></span> <span class='ocrx_word' id='word_1_78' title='bbox 1330 1553 1594 1604; x_wconf 71' lang='lat' dir='ltr'><strong>creatus.</strong></span> <span class='ocrx_word' id='word_1_79' title='bbox 1682 1540 1783 1624; x_wconf 89' lang='lat'><strong>61,</strong></span> <span class='ocrx_word' id='word_1_80' title='bbox 1825 1539 1866 1603; x_wconf 88' lang='lat'><strong>2</strong></span> <span class='ocrx_word' id='word_1_81' title='bbox 1919 1562 2124 1602; x_wconf 78' lang='lat' dir='ltr'><strong>mooe..</strong></span> <span class='ocrx_word' id='word_1_82' title='bbox 2178 1538 2278 1620; x_wconf 87' lang='lat'><strong>63,</strong></span> <span class='ocrx_word' id='word_1_83' title='bbox 2322 1538 2360 1601; x_wconf 90' lang='lat'><strong>2</strong></span> <span class='ocrx_word' id='word_1_84' title='bbox 2414 1537 2521 1600; x_wconf 82' lang='lat' dir='ltr'><strong>Iu-</strong></span> 
     </span>
     <span class='ocr_line' id='line_1_11' title="bbox 640 1646 2523 1730; baseline -0.002 -18"><span class='ocrx_word' id='word_1_85' title='bbox 640 1649 881 1712; x_wconf 76' lang='lat' dir='ltr'><strong>ventius</strong></span> <span class='ocrx_word' id='word_1_86' title='bbox 927 1648 1304 1712; x_wconf 66' lang='lat' dir='ltr'><strong>Laterenszte.</strong></span> <span class='ocrx_word' id='word_1_87' title='bbox 1406 1648 1505 1730; x_wconf 93' lang='lat'><strong>70,</strong></span> <span class='ocrx_word' id='word_1_88' title='bbox 1548 1646 1589 1711; x_wconf 91' lang='lat'><strong>2</strong></span> <span class='ocrx_word' id='word_1_89' title='bbox 1650 1647 1926 1711; x_wconf 69' lang='lat' dir='ltr'><strong>Cassius.</strong></span> <span class='ocrx_word' id='word_1_90' title='bbox 2010 1646 2052 1708; x_wconf 90' lang='lat'><strong>4</strong></span> <span class='ocrx_word' id='word_1_91' title='bbox 2111 1647 2311 1710; x_wconf 76' lang='lat' dir='ltr'><strong>victus</strong></span> <span class='ocrx_word' id='word_1_92' title='bbox 2371 1646 2523 1708; x_wconf 81' lang='lat' dir='ltr'><strong>acie.</strong></span> 
     </span>
     <span class='ocr_line' id='line_1_12' title="bbox 624 1752 2522 1844; baseline -0.004 -23"><span class='ocrx_word' id='word_1_93' title='bbox 624 1758 677 1844; x_wconf 35' lang='lat'><strong>‚5</strong></span> <span class='ocrx_word' id='word_1_94' title='bbox 718 1759 1056 1842; x_wconf 79' lang='lat' dir='ltr'><strong>reiectoque</strong></span> <span class='ocrx_word' id='word_1_95' title='bbox 1098 1756 1368 1820; x_wconf 73' lang='lat' dir='ltr'><strong>brachio.</strong></span> <span class='ocrx_word' id='word_1_96' title='bbox 1442 1755 1540 1837; x_wconf 92' lang='grc'><strong>71,</strong></span> <span class='ocrx_word' id='word_1_97' title='bbox 1582 1755 1625 1818; x_wconf 86' lang='lat'><strong>3</strong></span> <span class='ocrx_word' id='word_1_98' title='bbox 1665 1778 1874 1819; x_wconf 65' lang='lat' dir='ltr'><strong>nnana.</strong></span> <span class='ocrx_word' id='word_1_99' title='bbox 1951 1754 2048 1836; x_wconf 96' lang='lat'><strong>79,</strong></span> <span class='ocrx_word' id='word_1_100' title='bbox 2081 1753 2122 1816; x_wconf 90' lang='lat'><strong>2</strong></span> <span class='ocrx_word' id='word_1_101' title='bbox 2163 1754 2281 1817; x_wconf 78' lang='lat' dir='ltr'><strong>hac</strong></span> <span class='ocrx_word' id='word_1_102' title='bbox 2323 1752 2522 1817; x_wconf 75' lang='lat' dir='ltr'><strong>classe</strong></span> 
     </span>
     <span class='ocr_line' id='line_1_13' title="bbox 642 1860 2519 1949; baseline -0.003 -21"><span class='ocrx_word' id='word_1_103' title='bbox 642 1864 893 1943; x_wconf 73' lang='lat' dir='ltr'><strong>Caesar,</strong></span> <span class='ocrx_word' id='word_1_104' title='bbox 938 1888 1094 1929; x_wconf 81' lang='lat' dir='ltr'><strong>cum.</strong></span> <span class='ocrx_word' id='word_1_105' title='bbox 1153 1864 1251 1942; x_wconf 88' lang='grc'><strong>80,</strong></span> <span class='ocrx_word' id='word_1_106' title='bbox 1295 1864 1335 1927; x_wconf 99' lang='lat'><strong>3</strong></span> <span class='ocrx_word' id='word_1_107' title='bbox 1381 1863 1632 1949; x_wconf 78' lang='lat' dir='ltr'><strong>quippe.</strong></span> <span class='ocrx_word' id='word_1_108' title='bbox 1700 1862 1798 1945; x_wconf 91' lang='grc'><strong>82,</strong></span> <span class='ocrx_word' id='word_1_109' title='bbox 1842 1861 1883 1926; x_wconf 87' lang='grc'>2</span> <span class='ocrx_word' id='word_1_110' title='bbox 1927 1862 2052 1947; x_wconf 78' lang='lat' dir='ltr'><strong>qui.</strong></span> <span class='ocrx_word' id='word_1_111' title='bbox 2112 1861 2211 1944; x_wconf 87' lang='lat'><strong>83,</strong></span> <span class='ocrx_word' id='word_1_112' title='bbox 2240 1861 2281 1925; x_wconf 88' lang='lat'><strong>2</strong></span> <span class='ocrx_word' id='word_1_113' title='bbox 2323 1860 2519 1924; x_wconf 79' lang='lat' dir='ltr'><strong>Plan·</strong></span> 
     </span>
     <span class='ocr_line' id='line_1_14' title="bbox 638 1968 2521 2055; baseline -0.003 -19"><span class='ocrx_word' id='word_1_114' title='bbox 638 1997 764 2036; x_wconf 76' lang='lat' dir='ltr'><strong>cus.</strong></span> <span class='ocrx_word' id='word_1_115' title='bbox 852 1973 950 2051; x_wconf 83' lang='lat'><strong>85,</strong></span> <span class='ocrx_word' id='word_1_116' title='bbox 994 1973 1035 2036; x_wconf 92' lang='grc'>5</span> <span class='ocrx_word' id='word_1_117' title='bbox 1092 1985 1158 2034; x_wconf 82' lang='lat' dir='ltr'><strong>at</strong></span> <span class='ocrx_word' id='word_1_118' title='bbox 1200 1970 1321 2034; x_wconf 80' lang='lat' dir='ltr'><em>illi.</em></span> <span class='ocrx_word' id='word_1_119' title='bbox 1429 1970 1527 2050; x_wconf 89' lang='grc'><strong>86,</strong></span> <span class='ocrx_word' id='word_1_120' title='bbox 1572 1970 1613 2034; x_wconf 89' lang='lat'><strong>3</strong></span> <span class='ocrx_word' id='word_1_121' title='bbox 1654 1993 1937 2055; x_wconf 80' lang='lat' dir='ltr'><strong>namque.</strong></span> <span class='ocrx_word' id='word_1_122' title='bbox 2041 1968 2139 2052; x_wconf 87' lang='lat'><strong>87,</strong></span> <span class='ocrx_word' id='word_1_123' title='bbox 2179 1968 2220 2032; x_wconf 88' lang='lat'><strong>2</strong></span> <span class='ocrx_word' id='word_1_124' title='bbox 2266 1968 2521 2033; x_wconf 74' lang='lat' dir='ltr'><strong>Sextum</strong></span> 
     </span>
     <span class='ocr_line' id='line_1_15' title="bbox 638 2076 2523 2165; baseline -0.003 -21"><span class='ocrx_word' id='word_1_125' title='bbox 638 2080 1013 2165; x_wconf 79' lang='lat' dir='ltr'><strong>Pompeium.</strong></span> <span class='ocrx_word' id='word_1_126' title='bbox 1089 2078 1188 2161; x_wconf 92' lang='grc'>89,</span> <span class='ocrx_word' id='word_1_127' title='bbox 1232 2079 1272 2142; x_wconf 88' lang='grc'><strong>5</strong></span> <span class='ocrx_word' id='word_1_128' title='bbox 1320 2078 1570 2141; x_wconf 64' lang='lat' dir='ltr'><strong>Caesar.</strong></span> <span class='ocrx_word' id='word_1_129' title='bbox 1653 2078 1752 2159; x_wconf 89' lang='lat'><strong>91,</strong></span> <span class='ocrx_word' id='word_1_130' title='bbox 1795 2076 1836 2140; x_wconf 88' lang='lat'><strong>2</strong></span> <span class='ocrx_word' id='word_1_131' title='bbox 1879 2077 2111 2162; x_wconf 75' lang='lat' dir='ltr'><strong>quippo</strong></span> <span class='ocrx_word' id='word_1_132' title='bbox 2153 2076 2424 2139; x_wconf 79' lang='lat' dir='ltr'><strong>Murena</strong></span> <span class='ocrx_word' id='word_1_133' title='bbox 2466 2088 2523 2139; x_wconf 76' lang='lat' dir='ltr'><strong>et</strong></span> 
     </span>
     <span class='ocr_line' id='line_1_16' title="bbox 641 2185 2521 2273; baseline -0.002 -22"><span class='ocrx_word' id='word_1_134' title='bbox 641 2187 892 2273; x_wconf 80' lang='lat' dir='ltr'><strong>CaepiO.</strong></span> <span class='ocrx_word' id='word_1_135' title='bbox 977 2186 1076 2269; x_wconf 87' lang='lat'><strong>92,</strong></span> <span class='ocrx_word' id='word_1_136' title='bbox 1119 2187 1160 2251; x_wconf 88' lang='lat'><strong>2</strong></span> <span class='ocrx_word' id='word_1_137' title='bbox 1206 2186 1470 2250; x_wconf 75' lang='lat' dir='ltr'><strong>Sentius.</strong></span> <span class='ocrx_word' id='word_1_138' title='bbox 1549 2186 1592 2249; x_wconf 85' lang='lat'><strong>3</strong></span> <span class='ocrx_word' id='word_1_139' title='bbox 1635 2199 1707 2249; x_wconf 74' lang='lat' dir='ltr'><strong>et.</strong></span> <span class='ocrx_word' id='word_1_140' title='bbox 1792 2186 1927 2269; x_wconf 90' lang='lat'><strong>119,</strong></span> <span class='ocrx_word' id='word_1_141' title='bbox 1969 2185 2011 2248; x_wconf 88' lang='lat'><strong>2</strong></span> <span class='ocrx_word' id='word_1_142' title='bbox 2053 2186 2521 2249; x_wconf 71' lang='lat' dir='ltr'><strong>circumventus.</strong></span> 
     </span>
     <span class='ocr_line' id='line_1_17' title="bbox 636 2296 1650 2381; baseline -0.003 -23"><span class='ocrx_word' id='word_1_143' title='bbox 636 2296 679 2358; x_wconf 94' lang='lat'><strong>4</strong></span> <span class='ocrx_word' id='word_1_144' title='bbox 719 2297 845 2381; x_wconf 81' lang='lat' dir='ltr'><strong>qui.</strong></span> <span class='ocrx_word' id='word_1_145' title='bbox 1643 2374 1650 2379; x_wconf 71' lang='lat'><em>,</em></span> 
     </span>
    </p>

    <p class='ocr_par' dir='ltr' id='par_1_5' title="bbox 505 2400 2520 2597">
     <span class='ocr_line' id='line_1_18' title="bbox 505 2400 2520 2489; baseline -0.001 -23"><span class='ocrx_word' id='word_1_146' title='bbox 505 2403 567 2466; x_wconf 92' lang='lat' dir='ltr'><strong>b.</strong></span> <span class='ocrx_word' id='word_1_147' title='bbox 638 2401 1350 2489; x_wconf 81' lang='lat' dir='ltr'><strong>plusquamperfectum.</strong></span> <span class='ocrx_word' id='word_1_148' title='bbox 1435 2405 1505 2486; x_wconf 88' lang='grc' dir='ltr'><strong>α)</strong></span> <span class='ocrx_word' id='word_1_149' title='bbox 1550 2400 1622 2465; x_wconf 95' lang='lat' dir='ltr'><strong>II</strong></span> <span class='ocrx_word' id='word_1_150' title='bbox 1662 2400 1762 2484; x_wconf 89' lang='grc'>58,</span> <span class='ocrx_word' id='word_1_151' title='bbox 1805 2401 1865 2465; x_wconf 91' lang='grc'><strong>2.</strong></span> <span class='ocrx_word' id='word_1_152' title='bbox 1935 2400 2004 2485; x_wconf 95' lang='grc' dir='ltr'><strong>β)</strong></span> <span class='ocrx_word' id='word_1_153' title='bbox 2053 2401 2148 2485; x_wconf 93' lang='grc'><strong>13,</strong></span> <span class='ocrx_word' id='word_1_154' title='bbox 2190 2400 2231 2464; x_wconf 96' lang='grc'>2</span> <span class='ocrx_word' id='word_1_155' title='bbox 2272 2401 2520 2485; x_wconf 69' lang='lat' dir='ltr'><strong>equites.</strong></span> 
     </span>
     <span class='ocr_line' id='line_1_19' title="bbox 635 2508 1501 2597; baseline -0.002 -23"><span class='ocrx_word' id='word_1_156' title='bbox 635 2511 736 2594; x_wconf 88' lang='grc'><strong>26,</strong></span> <span class='ocrx_word' id='word_1_157' title='bbox 781 2511 820 2574; x_wconf 98' lang='grc'>6</span> <span class='ocrx_word' id='word_1_158' title='bbox 863 2509 989 2597; x_wconf 81' lang='lat' dir='ltr'><strong>qui.</strong></span> <span class='ocrx_word' id='word_1_159' title='bbox 1074 2511 1142 2594; x_wconf 87' lang='grc' dir='ltr'><strong>γ)</strong></span> <span class='ocrx_word' id='word_1_160' title='bbox 1188 2508 1257 2572; x_wconf 99' lang='lat' dir='ltr'>H</span> <span class='ocrx_word' id='word_1_161' title='bbox 1297 2508 1399 2592; x_wconf 91' lang='grc'><strong>42,</strong></span> <span class='ocrx_word' id='word_1_162' title='bbox 1443 2509 1501 2572; x_wconf 88' lang='grc'><strong>3.</strong></span> 
     </span>
    </p>

    <p class='ocr_par' dir='ltr' id='par_1_6' title="bbox 327 2627 1801 2711">
     <span class='ocr_line' id='line_1_20' title="bbox 327 2627 1801 2711; baseline -0.002 -19"><span class='ocrx_word' id='word_1_163' title='bbox 327 2627 417 2692; x_wconf 91' lang='lat' dir='ltr'><strong>V.</strong></span> <span class='ocrx_word' id='word_1_164' title='bbox 504 2629 673 2692; x_wconf 88' lang='lat' dir='ltr'><strong>cum</strong></span> <span class='ocrx_word' id='word_1_165' title='bbox 717 2629 1260 2691; x_wconf 86' lang='lat' dir='ltr'><strong>coniunctivo</strong></span> <span class='ocrx_word' id='word_1_166' title='bbox 1303 2627 1801 2711; x_wconf 86' lang='lat' dir='ltr'><strong>praesentis.</strong></span> 
     </span>
    </p>

    <p class='ocr_par' dir='ltr' id='par_1_7' title="bbox 501 2731 2519 2929">
     <span class='ocr_line' id='line_1_21' title="bbox 501 2731 2519 2822; baseline -0.001 -23"><span class='ocrx_word' id='word_1_167' title='bbox 501 2758 557 2799; x_wconf 87' lang='lat' dir='ltr'><strong>a.</strong></span> <span class='ocrx_word' id='word_1_168' title='bbox 636 2757 952 2822; x_wconf 78' lang='lat' dir='ltr'><strong>praesens,</strong></span> <span class='ocrx_word' id='word_1_169' title='bbox 1019 2735 1089 2818; x_wconf 91' lang='grc' dir='ltr'><strong>α)</strong></span> <span class='ocrx_word' id='word_1_170' title='bbox 1136 2733 1169 2797; x_wconf 90' lang='grc' dir='ltr'>Ι</span> <span class='ocrx_word' id='word_1_171' title='bbox 1212 2734 1269 2816; x_wconf 90' lang='grc'><strong>7,</strong></span> <span class='ocrx_word' id='word_1_172' title='bbox 1312 2733 1371 2796; x_wconf 92' lang='grc'><strong>4.</strong></span> <span class='ocrx_word' id='word_1_173' title='bbox 1438 2732 1510 2797; x_wconf 92' lang='grc' dir='ltr'>Π</span> <span class='ocrx_word' id='word_1_174' title='bbox 1555 2733 1693 2817; x_wconf 87' lang='grc'>126,</span> <span class='ocrx_word' id='word_1_175' title='bbox 1737 2734 1794 2797; x_wconf 95' lang='grc'><strong>5.</strong></span> <span class='ocrx_word' id='word_1_176' title='bbox 1862 2732 1932 2817; x_wconf 87' lang='grc' dir='ltr'><strong>β)</strong></span> <span class='ocrx_word' id='word_1_177' title='bbox 1977 2732 2046 2796; x_wconf 99' lang='lat' dir='ltr'>H</span> <span class='ocrx_word' id='word_1_178' title='bbox 2093 2731 2229 2815; x_wconf 87' lang='lat'><strong>107,</strong></span> <span class='ocrx_word' id='word_1_179' title='bbox 2265 2732 2306 2795; x_wconf 88' lang='grc'>2</span> <span class='ocrx_word' id='word_1_180' title='bbox 2344 2756 2519 2818; x_wconf 80' lang='lat' dir='ltr'><strong>quae.</strong></span> 
     </span>
     <span class='ocr_line' id='line_1_22' title="bbox 635 2842 1016 2929; baseline -0.003 -22"><span class='ocrx_word' id='word_1_181' title='bbox 635 2851 701 2929; x_wconf 83' lang='lat' dir='ltr'><strong>y)</strong></span> <span class='ocrx_word' id='word_1_182' title='bbox 745 2842 814 2907; x_wconf 91' lang='lat' dir='ltr'>H</span> <span class='ocrx_word' id='word_1_183' title='bbox 858 2844 915 2926; x_wconf 92' lang='lat'><strong>7,</strong></span> <span class='ocrx_word' id='word_1_184' title='bbox 958 2845 1016 2906; x_wconf 87' lang='grc'><strong>5.</strong></span> 
     </span>
    </p>

    <p class='ocr_par' dir='ltr' id='par_1_8' title="bbox 500 2948 1487 3036">
     <span class='ocr_line' id='line_1_23' title="bbox 500 2948 1487 3036; baseline -0.005 -21"><span class='ocrx_word' id='word_1_185' title='bbox 500 2950 562 3015; x_wconf 92' lang='lat' dir='ltr'><strong>b.</strong></span> <span class='ocrx_word' id='word_1_186' title='bbox 636 2950 1007 3036; x_wconf 86' lang='lat' dir='ltr'><strong>perfectum.</strong></span> <span class='ocrx_word' id='word_1_187' title='bbox 1096 2950 1166 3029; x_wconf 91' lang='grc' dir='ltr'><strong>α)</strong></span> <span class='ocrx_word' id='word_1_188' title='bbox 1212 2948 1248 3012; x_wconf 95' lang='grc' dir='ltr'>Ι</span> <span class='ocrx_word' id='word_1_189' title='bbox 1294 2948 1387 3031; x_wconf 94' lang='grc'>14,</span> <span class='ocrx_word' id='word_1_190' title='bbox 1433 2948 1487 3011; x_wconf 92' lang='grc'><strong>1.</strong></span> 
     </span>
    </p>
   </div>
   <div class='ocr_carea' id='block_1_4' title="bbox 333 3064 2513 3259">
    <p class='ocr_par' dir='ltr' id='par_1_9' title="bbox 333 3064 2513 3259">
     <span class='ocr_line' id='line_1_24' title="bbox 333 3064 2513 3152; baseline -0.001 -20"><span class='ocrx_word' id='word_1_191' title='bbox 333 3066 453 3132; x_wconf 89' lang='lat' dir='ltr'><strong>VI.</strong></span> <span class='ocrx_word' id='word_1_192' title='bbox 514 3067 665 3131; x_wconf 90' lang='lat' dir='ltr'><strong>duo</strong></span> <span class='ocrx_word' id='word_1_193' title='bbox 726 3076 1100 3152; x_wconf 90' lang='lat' dir='ltr'><strong>tempora</strong></span> <span class='ocrx_word' id='word_1_194' title='bbox 1158 3064 1550 3130; x_wconf 90' lang='lat' dir='ltr'><strong>habemus</strong></span> <span class='ocrx_word' id='word_1_195' title='bbox 1612 3066 2087 3131; x_wconf 90' lang='lat' dir='ltr'><strong>coniuncta</strong></span> <span class='ocrx_word' id='word_1_196' title='bbox 2144 3067 2222 3130; x_wconf 92' lang='lat' dir='ltr'><strong>in</strong></span> <span class='ocrx_word' id='word_1_197' title='bbox 2279 3088 2513 3130; x_wconf 90' lang='lat' dir='ltr'><strong>enun-</strong></span> 
     </span>
     <span class='ocr_line' id='line_1_25' title="bbox 634 3172 2512 3259; baseline 0 -21"><span class='ocrx_word' id='word_1_198' title='bbox 634 3176 848 3238; x_wconf 86' lang='lat' dir='ltr'><strong>tiato</strong></span> <span class='ocrx_word' id='word_1_199' title='bbox 893 3172 1396 3238; x_wconf 90' lang='lat' dir='ltr'><strong>secundario</strong></span> <span class='ocrx_word' id='word_1_200' title='bbox 1437 3172 1509 3237; x_wconf 91' lang='lat' dir='ltr'>H</span> <span class='ocrx_word' id='word_1_201' title='bbox 1550 3174 1650 3255; x_wconf 94' lang='lat'><strong>31,</strong></span> <span class='ocrx_word' id='word_1_202' title='bbox 1695 3173 1752 3237; x_wconf 90' lang='grc'>2.</span> <span class='ocrx_word' id='word_1_203' title='bbox 1814 3174 1915 3259; x_wconf 89' lang='grc'><strong>45,</strong></span> <span class='ocrx_word' id='word_1_204' title='bbox 1953 3175 2007 3237; x_wconf 93' lang='grc'><strong>1.</strong></span> <span class='ocrx_word' id='word_1_205' title='bbox 2064 3174 2165 3256; x_wconf 90' lang='grc'><strong>46,</strong></span> <span class='ocrx_word' id='word_1_206' title='bbox 2207 3174 2261 3237; x_wconf 91' lang='grc'><strong>1.</strong></span> <span class='ocrx_word' id='word_1_207' title='bbox 2323 3174 2512 3257; x_wconf 90' lang='grc'>54,1.</span> 
     </span>
    </p>
   </div>
   <div class='ocr_carea' id='block_1_5' title="bbox 330 3281 2515 3915">
    <p class='ocr_par' dir='ltr' id='par_1_10' title="bbox 632 3281 1995 3365">
     <span class='ocr_line' id='line_1_26' title="bbox 632 3281 1995 3365; baseline -0.001 -19"><span class='ocrx_word' id='word_1_208' title='bbox 632 3284 730 3363; x_wconf 88' lang='grc'>91,</span> <span class='ocrx_word' id='word_1_209' title='bbox 774 3283 833 3346; x_wconf 94' lang='grc'>3.</span> <span class='ocrx_word' id='word_1_210' title='bbox 902 3283 1001 3365; x_wconf 90' lang='grc'><strong>99,</strong></span> <span class='ocrx_word' id='word_1_211' title='bbox 1046 3282 1105 3346; x_wconf 91' lang='grc'>2.</span> <span class='ocrx_word' id='word_1_212' title='bbox 1172 3281 1306 3364; x_wconf 88' lang='grc'>105,</span> <span class='ocrx_word' id='word_1_213' title='bbox 1354 3281 1408 3344; x_wconf 94' lang='grc'><strong>1.</strong></span> <span class='ocrx_word' id='word_1_214' title='bbox 1470 3281 1609 3364; x_wconf 91' lang='grc'>107,</span> <span class='ocrx_word' id='word_1_215' title='bbox 1655 3282 1709 3345; x_wconf 92' lang='grc'><strong>1.</strong></span> <span class='ocrx_word' id='word_1_216' title='bbox 1759 3281 1892 3365; x_wconf 91' lang='grc'>123,</span> <span class='ocrx_word' id='word_1_217' title='bbox 1942 3281 1995 3345; x_wconf 95' lang='grc'><strong>1.</strong></span> 
     </span>
    </p>

    <p class='ocr_par' dir='ltr' id='par_1_11' title="bbox 330 3396 2515 3589">
     <span class='ocr_line' id='line_1_27' title="bbox 330 3396 2515 3484; baseline 0 -22"><span class='ocrx_word' id='word_1_218' title='bbox 330 3397 483 3463; x_wconf 93' lang='lat' dir='ltr'><strong>VH.</strong></span> <span class='ocrx_word' id='word_1_219' title='bbox 558 3420 639 3462; x_wconf 83' lang='lat' dir='ltr'><strong>ex</strong></span> <span class='ocrx_word' id='word_1_220' title='bbox 694 3397 887 3461; x_wconf 88' lang='lat' dir='ltr'><strong>ablat.</strong></span> <span class='ocrx_word' id='word_1_221' title='bbox 930 3397 1128 3462; x_wconf 88' lang='lat' dir='ltr'><strong>absol.</strong></span> <span class='ocrx_word' id='word_1_222' title='bbox 1191 3396 1428 3482; x_wconf 84' lang='lat' dir='ltr'><strong>pendet</strong></span> <span class='ocrx_word' id='word_1_223' title='bbox 1490 3398 1887 3461; x_wconf 89' lang='lat' dir='ltr'><strong>enuntiatum</strong></span> <span class='ocrx_word' id='word_1_224' title='bbox 1943 3420 1983 3462; x_wconf 94' lang='lat' dir='ltr'><strong>a</strong></span> <span class='ocrx_word' id='word_1_225' title='bbox 2024 3399 2336 3484; x_wconf 83' lang='lat' dir='ltr'><strong>particula</strong></span> <span class='ocrx_word' id='word_1_226' title='bbox 2377 3424 2515 3463; x_wconf 83' lang='lat' dir='ltr'><strong>cum</strong></span> 
     </span>
     <span class='ocr_line' id='line_1_28' title="bbox 630 3504 1599 3589; baseline 0.002 -22"><span class='ocrx_word' id='word_1_227' title='bbox 630 3506 940 3589; x_wconf 83' lang='lat' dir='ltr'><strong>incipiens</strong></span> <span class='ocrx_word' id='word_1_228' title='bbox 994 3504 1065 3568; x_wconf 93' lang='lat' dir='ltr'>H</span> <span class='ocrx_word' id='word_1_229' title='bbox 1109 3505 1206 3588; x_wconf 92' lang='lat'><strong>70,</strong></span> <span class='ocrx_word' id='word_1_230' title='bbox 1248 3505 1308 3569; x_wconf 89' lang='grc'>2.</span> <span class='ocrx_word' id='word_1_231' title='bbox 1396 3505 1495 3588; x_wconf 93' lang='grc'>80,</span> <span class='ocrx_word' id='word_1_232' title='bbox 1540 3506 1599 3569; x_wconf 88' lang='grc'>3.</span> 
     </span>
    </p>

    <p class='ocr_par' dir='ltr' id='par_1_12' title="bbox 330 3612 2509 3915">
     <span class='ocr_line' id='line_1_29' title="bbox 330 3612 2509 3697; baseline 0 -20"><span class='ocrx_word' id='word_1_233' title='bbox 330 3612 517 3677; x_wconf 91' lang='lat' dir='ltr'><strong>VIII.</strong></span> <span class='ocrx_word' id='word_1_234' title='bbox 562 3613 750 3697; x_wconf 88' lang='lat' dir='ltr'><strong>paulo</strong></span> <span class='ocrx_word' id='word_1_235' title='bbox 794 3612 1090 3678; x_wconf 89' lang='lat' dir='ltr'><strong>liberiore</strong></span> <span class='ocrx_word' id='word_1_236' title='bbox 1153 3613 1581 3697; x_wconf 87' lang='lat' dir='ltr'><strong>coniungendi</strong></span> <span class='ocrx_word' id='word_1_237' title='bbox 1638 3615 1886 3678; x_wconf 88' lang='lat' dir='ltr'><strong>ratione</strong></span> <span class='ocrx_word' id='word_1_238' title='bbox 1943 3614 2237 3679; x_wconf 83' lang='lat' dir='ltr'><strong>cohaeret</strong></span> <span class='ocrx_word' id='word_1_239' title='bbox 2296 3623 2509 3679; x_wconf 90' lang='lat' dir='ltr'><strong>enunt.</strong></span> 
     </span>
     <span class='ocr_line' id='line_1_30' title="bbox 629 3719 2509 3808; baseline 0.001 -25"><span class='ocrx_word' id='word_1_240' title='bbox 629 3719 884 3784; x_wconf 90' lang='lat' dir='ltr'><strong>secund.</strong></span> <span class='ocrx_word' id='word_1_241' title='bbox 933 3742 1075 3784; x_wconf 92' lang='lat' dir='ltr'><strong>cum</strong></span> <span class='ocrx_word' id='word_1_242' title='bbox 1121 3730 1334 3784; x_wconf 89' lang='lat' dir='ltr'><strong>enunt.</strong></span> <span class='ocrx_word' id='word_1_243' title='bbox 1380 3723 1636 3805; x_wconf 88' lang='lat' dir='ltr'><strong>primar.</strong></span> <span class='ocrx_word' id='word_1_244' title='bbox 1681 3720 1750 3784; x_wconf 99' lang='lat' dir='ltr'>H</span> <span class='ocrx_word' id='word_1_245' title='bbox 1797 3721 1931 3803; x_wconf 92' lang='lat'><strong>104,</strong></span> <span class='ocrx_word' id='word_1_246' title='bbox 1961 3722 2001 3785; x_wconf 97' lang='lat'><strong>3</strong></span> <span class='ocrx_word' id='word_1_247' title='bbox 2042 3722 2314 3808; x_wconf 80' lang='lat' dir='ltr'><strong>recipere</strong></span> <span class='ocrx_word' id='word_1_248' title='bbox 2341 3721 2509 3785; x_wconf 82' lang='lat' dir='ltr'><strong>vide-</strong></span> 
     </span>
     <span class='ocr_line' id='line_1_31' title="bbox 630 3827 1465 3915; baseline -0.001 -24"><span class='ocrx_word' id='word_1_249' title='bbox 630 3840 751 3907; x_wconf 79' lang='lat' dir='ltr'><strong>tur,</strong></span> <span class='ocrx_word' id='word_1_250' title='bbox 795 3851 933 3892; x_wconf 82' lang='lat' dir='ltr'><strong>cum</strong></span> <span class='ocrx_word' id='word_1_251' title='bbox 969 3827 1465 3915; x_wconf 72' lang='lat' dir='ltr'><strong>yratularentur.</strong></span> 
     </span>
    </p>
   </div>
   <div class='ocr_carea' id='block_1_6' title="bbox 1090 3992 1760 4078">
    <p class='ocr_par' dir='ltr' id='par_1_13' title="bbox 1090 3992 1760 4078">
     <span class='ocr_line' id='line_1_32' title="bbox 1090 3992 1760 4078; baseline 0 -21"><span class='ocrx_word' id='word_1_252' title='bbox 1090 3993 1326 4078; x_wconf 90' lang='lat' dir='ltr'><strong>Apud</strong></span> <span class='ocrx_word' id='word_1_253' title='bbox 1367 3992 1760 4057; x_wconf 87' lang='lat' dir='ltr'><strong>Tacitum.</strong></span> 
     </span>
    </p>
   </div>
   <div class='ocr_carea' id='block_1_7' title="bbox 357 4109 1677 4202">
    <p class='ocr_par' dir='ltr' id='par_1_14' title="bbox 357 4109 1677 4202">
     <span class='ocr_line' id='line_1_33' title="bbox 357 4109 1677 4202; baseline 0.001 -21"><span class='ocrx_word' id='word_1_254' title='bbox 357 4117 409 4181; x_wconf 92' lang='grc' dir='ltr'>Ι.</span> <span class='ocrx_word' id='word_1_255' title='bbox 455 4139 626 4181; x_wconf 92' lang='lat' dir='ltr'><strong>cum</strong></span> <span class='ocrx_word' id='word_1_256' title='bbox 669 4109 1146 4181; x_wconf 86' lang='lat' dir='ltr'><strong>indicativo</strong></span> <span class='ocrx_word' id='word_1_257' title='bbox 1188 4119 1677 4202; x_wconf 90' lang='lat' dir='ltr'><strong>praesentis.</strong></span> 
     </span>
    </p>
   </div>
   <div class='ocr_carea' id='block_1_8' title="bbox 494 4224 2506 4420">
    <p class='ocr_par' dir='ltr' id='par_1_15' title="bbox 494 4224 2506 4420">
     <span class='ocr_line' id='line_1_34' title="bbox 496 4224 2506 4311; baseline 0.001 -22"><span class='ocrx_word' id='word_1_258' title='bbox 496 4247 552 4289; x_wconf 93' lang='lat' dir='ltr'><strong>a.</strong></span> <span class='ocrx_word' id='word_1_259' title='bbox 626 4246 947 4308; x_wconf 87' lang='lat' dir='ltr'><strong>praesens.</strong></span> <span class='ocrx_word' id='word_1_260' title='bbox 1030 4226 1100 4308; x_wconf 87' lang='grc' dir='ltr'><strong>β)</strong></span> <span class='ocrx_word' id='word_1_261' title='bbox 1161 4247 1307 4289; x_wconf 86' lang='lat' dir='ltr'><strong>ann.</strong></span> <span class='ocrx_word' id='word_1_262' title='bbox 1364 4224 1531 4290; x_wconf 92' lang='lat' dir='ltr'><strong>XIV</strong></span> <span class='ocrx_word' id='word_1_263' title='bbox 1571 4225 1673 4307; x_wconf 90' lang='lat'><strong>44,</strong></span> <span class='ocrx_word' id='word_1_264' title='bbox 1722 4226 1814 4290; x_wconf 92' lang='lat'><strong>16.</strong></span> <span class='ocrx_word' id='word_1_265' title='bbox 1918 4226 1986 4311; x_wconf 87' lang='grc' dir='ltr'><strong>γ)</strong></span> <span class='ocrx_word' id='word_1_266' title='bbox 2033 4225 2250 4291; x_wconf 83' lang='lat' dir='ltr'><strong>Germ.</strong></span> <span class='ocrx_word' id='word_1_267' title='bbox 2313 4227 2405 4310; x_wconf 95' lang='grc'><strong>11,</strong></span> <span class='ocrx_word' id='word_1_268' title='bbox 2448 4228 2506 4291; x_wconf 97' lang='grc'>3.</span> 
     </span>
     <span class='ocr_line' id='line_1_35' title="bbox 494 4331 1766 4420; baseline 0.001 -25"><span class='ocrx_word' id='word_1_269' title='bbox 494 4331 557 4395; x_wconf 91' lang='lat' dir='ltr'><strong>b.</strong></span> <span class='ocrx_word' id='word_1_270' title='bbox 628 4331 930 4396; x_wconf 85' lang='lat' dir='ltr'><strong>futurum.</strong></span> <span class='ocrx_word' id='word_1_271' title='bbox 1013 4336 1083 4415; x_wconf 91' lang='grc' dir='ltr'><strong>β)</strong></span> <span class='ocrx_word' id='word_1_272' title='bbox 1129 4332 1274 4396; x_wconf 89' lang='lat' dir='ltr'><strong>dial.</strong></span> <span class='ocrx_word' id='word_1_273' title='bbox 1323 4334 1418 4416; x_wconf 92' lang='lat'><strong>16,</strong></span> <span class='ocrx_word' id='word_1_274' title='bbox 1461 4333 1545 4398; x_wconf 88' lang='lat'><strong>30</strong></span> <span class='ocrx_word' id='word_1_275' title='bbox 1589 4356 1766 4420; x_wconf 81' lang='lat' dir='ltr'><strong>quae.</strong></span> 
     </span>
    </p>
   </div>
   <div class='ocr_carea' id='block_1_9' title="bbox 2858 4752 3094 5086">
    <p class='ocr_par' dir='ltr' id='par_1_16' title="bbox 2858 4752 3094 5086">
     <span class='ocr_line' id='line_1_36' title="bbox 2858 4752 3094 5086; baseline 0 102"><span class='ocrx_word' id='word_1_276' title='bbox 2858 4752 3094 5086; x_wconf 95' lang='lat' dir='ltr'><strong> </strong></span> 
     </span>
    </p>
   </div>
  </div>
 </body>
</html>
