3181 5188
1367 625 1442 691 19

301 824 403 906 84,
448 825 507 888 4.
593 824 699 889 111
739 826 839 909 21,
885 826 941 890 7.
1017 825 1116 891 1v
1163 828 1258 909 15,
1302 827 1360 891 9.
1432 826 1532 909 36,
1576 826 1635 890 3.
1701 826 1801 908 51,
1849 825 1945 889 14.
2033 823 2095 889 v
2142 825 2194 908 1,
2240 826 2297 889 9.
2383 823 2488 888 XI

299 932 360 1015 5,
407 934 464 996 7.
541 933 641 1017 24,
684 934 784 999 21.
863 933 1040 1000 XIII
1086 935 1180 1019 16,
1230 935 1324 999 17.
1402 934 1502 1018 39,
1545 934 1646 998 22.
1731 933 1831 1017 41,
1876 933 1976 996 25.
2061 930 2228 996 XIV
2291 933 2383 1015 12,
2428 933 2484 996 3.

295 1039 400 1124 47,
445 1042 504 1106 5.
590 1039 722 1106 XV
769 1042 865 1125 16,
908 1043 966 1106 2.
1034 1042 1129 1124 (in
1189 1042 1310 1106 hoc
1365 1041 1657 1125 exemplo
1724 1040 1992 1126 perfecti
2050 1041 2488 1105 coniunctivus

298 1149 675 1213 coniunctus
718 1160 815 1215 est
860 1171 1001 1214 cum
1029 1150 1385 1236 imperfecti
1414 1149 1869 1233 coniunctiv0.)
1940 1147 2249 1212 Videmus
2293 1149 2492 1232 igitur

298 1255 608 1321 Tacitum
666 1259 733 1322 in
793 1257 1402 1343 interrogationibus
1462 1256 1788 1321 indirectis
1830 1278 1974 1319 raro
2018 1266 2268 1319 tantum
2305 1278 2490 1320 usum

299 1386 442 1430 esse
491 1366 897 1429 coniunctivo
943 1366 1247 1450 perfecti,
1305 1374 1529 1429 contra
1569 1365 1635 1427 in
1681 1365 2023 1428 enuntiatis
2067 1364 2489 1429 consecutivis

298 1474 575 1558 saepius.
662 1472 740 1537 In
808 1474 1116 1558 Agricola
1185 1482 1250 1539 et
1319 1474 1384 1538 in
1454 1472 1633 1537 libris
1701 1471 2110 1535 historiarum
2172 1471 2488 1556 prioribus

295 1578 631 1664 habemus,
675 1603 802 1644 uno
849 1591 1116 1665 excepto
1163 1582 1475 1666 exempIO,
1534 1582 2008 1653 coniunctivum
2050 1580 2318 1665 perfecti
2360 1601 2490 1643 non

296 1689 425 1751 nisi
473 1688 720 1751 omissis
764 1690 830 1752 in
874 1691 1202 1753 enuntiato
1250 1690 1549 1774 primario
1580 1689 1801 1752 formis
1830 1688 2011 1752 verbi
2054 1711 2197 1752 esse.
2271 1708 2487 1773 quam-

306 1817 504 1880 quam
564 1806 777 1861 autem
823 1795 1151 1861 Woelflini
1208 1796 1564 1861 doctrinam
1639 1795 1717 1860 de
1786 1796 2140 1860 elocutione
2196 1795 2492 1859 Tacitina

301 1902 628 1986 gradatim
692 1926 806 1989 per
848 1904 1133 1987 singulos
1192 1903 1387 1968 libros
1445 1904 1700 1968 exculta
1753 1903 1940 1968 valde
1993 1903 2215 1988 prob0,
2279 1912 2492 1967 tamen

296 2010 468 2075 hanc
511 2034 647 2076 rem
689 2011 814 2076 huc
855 2034 986 2076 non
1029 2012 1332 2095 referam,
1381 2013 1544 2097 ,quia
1599 2013 1756 2076 tales
1798 2034 1898 2075 res
1939 2033 2069 2075 non
2112 2032 2362 2095 semper
2422 2011 2490 2073 in

300 2140 376 2182 eo
422 2140 680 2183 causam
724 2118 994 2203 habent,
1057 2119 1225 2203 quod
1268 2119 1476 2183 Taciti
1515 2120 1786 2184 elocutio
1830 2119 2148 2202 gradatim
2206 2117 2491 2203 perfecta

298 2233 399 2289 est
445 2237 509 2290 et
553 2227 825 2310 exculta,
888 2225 999 2290 sed
1063 2227 1433 2312 saepissime
1492 2229 1685 2290 etiam
1743 2228 1808 2289 in
1866 2249 1939 2290 eo
1997 2225 2166 2310 quod
2227 2225 2487 2289 Tacitus

300 2333 392 2397 ita
437 2335 698 2418 ingenio
746 2356 860 2398 suo
904 2334 1184 2419 indulsit,
1241 2345 1314 2398 ut
1355 2334 1623 2418 singulis
1668 2335 2001 2398 structuris
2062 2335 2127 2397 in
2170 2333 2269 2398 his
2309 2332 2490 2398 libris

298 2440 770 2526 quodammodo
829 2442 1148 2526 abutatur,
1204 2444 1273 2507 in
1335 2442 1456 2505 illis
1514 2442 1701 2527 plane
1745 2464 1850 2506 eas
1909 2443 2178 2510 omittat.
2263 2442 2490 2506 Restat

297 2568 471 2613 nunc
511 2557 585 2614 ut
626 2549 896 2614 aliorum
940 2571 1193 2637 quoque
1235 2551 1617 2636 scriptorum
1674 2571 1859 2615 usum
1919 2550 2306 2614 coniunctivi
2349 2570 2488 2635 per-

297 2656 451 2721 fecti
497 2659 953 2722 examinemus

462 2812 520 2854 a.
581 2789 798 2876 apud
843 2789 1151 2855 Caesar
1171 2812 1304 2854 em.
1376 2789 1437 2854 b.
1458 2812 1521 2875 g.
1544 2790 1618 2854 H
1640 2792 1740 2873 21,
1761 2791 1820 2854 4.
1863 2790 1971 2855 ΠΙ
1994 2790 2092 2875 15,
2114 2791 2172 2854 3.
2217 2790 2281 2854 V
2307 2790 2403 2872 15,
2430 2789 2485 2853 l.

293 2896 396 2981 54,
416 2897 476 2960 3.
520 2896 658 2962 VII
689 2898 786 2981 17,
817 2898 875 2963 3.
908 2898 1004 2980 (in
1038 2896 1159 2961 hoc
1190 2897 1479 2982 exemplo
1509 2897 1819 2961 habemus
1853 2898 2326 2961 coniunctivum
2348 2918 2488 2981 per-

293 3003 451 3068 fecti
495 3002 906 3069 coniunctum
950 3026 1094 3069 cum
1137 3006 1538 3068 coniunctivo
1582 3004 1943 3090 imperfecti
1981 3015 2055 3068 ut
2095 3027 2290 3089 supra
2317 3002 2492 3089 apud

293 3110 595 3175 Tacitum
651 3133 799 3177 ann.
854 3109 987 3175 XV
1037 3113 1129 3195 16,
1170 3111 1260 3195 2.)
1326 3111 1470 3176 bell.
1534 3112 1699 3197 hisp.
1767 3112 1863 3196 15,
1906 3112 1964 3176 3.
2050 3112 2151 3195 23,
2196 3112 2255 3176 8.
2343 3111 2489 3176 bell.

290 3218 457 3285 alex.
508 3219 613 3304 43,
657 3221 718 3284 3.

459 3352 523 3417 b.
585 3351 804 3438 apud
846 3351 1355 3418 Sallustium.
1442 3350 1585 3435 Iug.
1619 3352 1717 3433 79,
1746 3353 1805 3416 5.
1852 3352 1951 3435 88,
1981 3353 2040 3417 6.
2104 3375 2193 3418 or.
2223 3353 2284 3436 5,
2318 3355 2359 3434 ξ
2395 3354 2490 3418 11.

287 3459 451 3524 haec
480 3462 781 3546 exempla
811 3462 977 3523 coni.
1009 3460 1277 3544 perfecti
1321 3461 1535 3523 omnia
1575 3470 1726 3524 sunt
1768 3461 1832 3523 in
1876 3460 2489 3544 interrogationibus

288 3566 644 3651 indirectis,
690 3588 959 3652 quorum
1001 3577 1216 3630 tamen
1259 3567 1527 3631 verbum
1569 3568 1942 3652 primarium
1985 3589 2025 3631 a
2054 3569 2492 3652 grammaticis

288 3674 488 3759 vulgo
531 3674 810 3738 habetur
852 3695 967 3759 pro
1011 3674 1220 3757 logico
1259 3674 1563 3760 perfectO.

456 3828 512 3869 c.
576 3805 791 3892 apud
833 3805 1272 3870 Velleium.

286 3914 369 3976 in
414 3922 696 3976 enunt.
743 3914 1334 3978 consecutivis.
1445 3911 1451 3916 ’

456 4020 532 4099 α)
597 4019 669 4081 in
749 4020 1077 4088 enuntiato
1158 4021 1457 4103 primario
1544 4030 1644 4084 est
1727 4019 2113 4085 indicativus
2201 4022 2491 4107 perfecti.

596 4124 631 4188 I
678 4126 773 4208 13,
823 4127 851 4188 1
903 4125 1030 4208 (18,
1079 4127 1162 4208 1).
1239 4124 1309 4190 II
1350 4126 1450 4208 30,
1494 4127 1553 4190 6.
1617 4127 1717 4210 66,
1758 4128 1817 4191 4.
1882 4129 1983 4211 90,
2026 4129 2086 4192 3.
2151 4129 2286 4211 103,
2331 4131 2391 4194 5.

451 4233 529 4316 β)
599 4233 1002 4296 enuntiatum
1045 4232 1488 4316 secundarium
1531 4232 1771 4317 pendet
1813 4257 1894 4299 ex
1937 4236 2305 4300 accusativo
2349 4221 2500 4299 cum*

596 4338 915 4402 infinitivo
957 4338 1263 4424 perfecti:
1306 4338 1377 4403 H
1420 4339 1521 4422 99,
1563 4340 1627 4404 4.

2023 4467 2090 4519 2*
