3181 5188
1409 569 1478 632 11

514 791 658 832 ann.
691 767 857 832 XIV
911 769 968 831 5.
1032 768 1126 832 12.
1188 770 1281 831 16.
1345 769 1438 832 17.
1495 768 1595 832 27.
1653 769 1753 832 31.
1812 769 1911 832 32.
1971 768 2070 831 43.
2130 768 2230 831 47.
2288 767 2387 830 49.

1042 876 1145 960 [28
1188 875 1366 963 pgg.]

511 1006 656 1048 ann.
724 983 856 1047 XV
912 984 970 1046 2.
1027 984 1083 1048 8.
1149 984 1243 1048 10.
1295 987 1365 1046 11
1414 983 1511 1047 bis
1553 984 1653 1047 25.
1699 984 1798 1048 26.
1843 984 1942 1047 27.
1987 984 2086 1047 34.
2132 984 2232 1046 42.
2279 984 2379 1046 45.
2424 983 2524 1046 48.

1045 1092 1143 1154 51.
1190 1092 1289 1154 66.
1342 1081 1481 1176 ’[32
1523 1087 1703 1177 pgg.]

344 1197 632 1261 videmus
675 1196 844 1261 hunc
885 1220 1071 1262 usum
1116 1208 1180 1262 et
1224 1198 1420 1262 multo
1465 1198 1969 1283 frequentiorem
2015 1202 2157 1262 esse
2192 1197 2360 1282 apud
2403 1197 2525 1261 Ta-

347 1307 539 1368 citum
585 1327 776 1390 quam
817 1306 984 1390 apud
1031 1307 1372 1370 Caesarem
1439 1317 1502 1371 et
1560 1308 1627 1369 in
1682 1304 2139 1391 posterioribus
2204 1308 2529 1371 annalium

343 1413 522 1476 libris
568 1415 819 1498 saepius
863 1415 1156 1497 inveniri,
1203 1436 1394 1498 quam
1437 1415 1503 1477 in
1546 1415 1883 1498 prioribus,

510 1520 584 1584 B.
632 1522 834 1585 altera
879 1545 1070 1604 causa
1112 1544 1240 1606 qua
1269 1522 1510 1585 factum
1542 1533 1658 1606 est,
1703 1533 1774 1586 ut
1805 1518 2276 1587 enuntiatorum
2306 1544 2519 1586 secun-

345 1629 670 1692 dariorum
714 1652 860 1693 usus
914 1631 1082 1714 apud
1126 1630 1422 1694 Tacitum
1477 1653 1607 1694 non
1669 1632 1759 1694 ita
1815 1630 2116 1715 frequens
2175 1633 2276 1714 sit,
2338 1652 2528 1716 quam

342 1737 512 1822 apud
554 1736 709 1800 alios
756 1738 1116 1821 scriptoreS,
1175 1738 1383 1822 posita
1440 1748 1537 1801 est
1600 1739 1665 1800 in
1726 1760 1799 1802 eo
1860 1738 2030 1823 quod
2087 1738 2349 1803 Tacitus
2393 1761 2526 1802 sae-

343 1846 603 1930 pissime
647 1846 1007 1927 enuntiata,
1064 1866 1227 1929 quae
1272 1844 1674 1910 subordinari
1733 1857 2049 1930 poterant,
2113 1847 2539 1929 coordinavit,

347 1961 411 2016 et
452 1954 768 2016 rationem
811 1954 1269 2037 paratacticam
1311 1953 1613 2038 praetulit
1656 1955 1890 2017 rationi
1933 1953 2395 2040 hypotacticae.

507 2059 696 2124 Hanc
737 2082 889 2124 vero
932 2082 1069 2124 rem
1112 2060 1233 2125 hoc
1272 2062 1412 2124 loco
1458 2071 1736 2125 tractare
1765 2063 1932 2145 nolo,
1978 2064 2283 2128 nonnulla
2314 2072 2529 2126 tamen

346 2190 510 2252 quae
553 2168 707 2232 mihi
751 2179 1161 2232 occurrerunt
1205 2168 1564 2253 prolaturus
1611 2191 1767 2232 sum.

508 2275 587 2338 ln
631 2277 884 2340 ratione
929 2276 1167 2339 causali
1213 2276 1628 2361 exprimenda
1670 2278 1764 2340 uti
1819 2287 2031 2362 potest
2089 2279 2361 2362 scriptor
2418 2287 2527 2341 aut

349 2383 425 2446 iis
489 2384 1040 2447 coniunctionibus
1106 2383 1335 2469 quibus
1399 2386 1564 2448 actio
1638 2384 2011 2449 secundaria
2080 2385 2530 2449 subordinatur

342 2492 579 2564 actioni
624 2491 872 2554 cuidam
918 2494 1274 2577 primariae,
1331 2503 1442 2557 aut
1483 2495 1558 2557 iis
1603 2493 1832 2578 quibus
1894 2496 2225 2557 enuntiata
2285 2494 2526 2557 coordi-

341 2609 594 2683 nantur,
625 2624 792 2679 nam,
826 2604 986 2663 em'm
1016 2602 1153 2664 sim.
1224 2623 1469 2665 summa
1504 2625 1657 2667 vero
1702 2603 2037 2667 difficultas
2081 2604 2146 2665 in
2177 2603 2526 2667 tractandis

344 2708 579 2773 talibus
624 2708 815 2772 rebus
860 2731 934 2773 eo
979 2712 1179 2773 oritur
1221 2711 1392 2794 quod
1437 2712 1780 2795 scriptores
1819 2713 2223 2795 maximeque
2265 2710 2526 2774 Tacitus

340 2839 470 2880 non
515 2816 718 2879 solum
763 2818 1094 2881 enuntiata
1134 2820 1434 2903 primaria
1461 2818 1704 2883 habent
1734 2819 2010 2883 causalia
2037 2841 2151 2904 pro
2184 2820 2526 2883 enuntiatis

343 2923 700 2987 causalibus
745 2925 1132 2989 secundariis
1177 2926 1286 2990 sed
1332 2937 1441 2990 aut
1485 2926 1798 3012 asyndeto
1845 2927 2213 3012 frequenter
2241 2938 2526 3011 utuntur,

341 3043 451 3097 aut
494 3033 825 3096 enuntiata
865 3034 1030 3096 inter
1074 3055 1239 3118 quae
1281 3036 1444 3097 ratio
1491 3036 1759 3099 causalis
1789 3035 2127 3100 intercedit
2169 3036 2527 3121 copulative

340 3150 592 3206 tantum
639 3141 1051 3223 coniungunt.
1140 3141 1218 3205 cf.
1269 3142 1563 3225 Draeger
1606 3165 1666 3227 p.
1710 3143 1810 3206 44.

504 3247 713 3311 Huius
756 3269 907 3311 usus
952 3240 1246 3334 exempla
1288 3250 1612 3334 proferam
1655 3250 1976 3314 nonnulla.

507 3356 668 3438 Agr.
739 3355 817 3419 27
920 3357 1323 3441 iniquissima
1424 3359 1574 3421 haec
1669 3358 1961 3421 bellorum
2049 3358 2334 3424 condicio
2420 3375 2524 3423 est.

335 3486 647 3549 prospera
715 3486 919 3526 ommes
983 3464 1112 3527 sibi
1178 3465 1543 3549 vindicant,
1626 3466 1897 3530 adversa
1961 3469 2079 3530 um’
2134 3468 2528 3553 imputantur

343 3600 419 3627 =
463 3592 613 3635 nam
655 3593 964 3655 prospera
1021 3582 1138 3636 etc.
1193 3573 1329 3637 vel:
1400 3596 1539 3637 cum
1604 3575 1772 3638 enim
1817 3612 1892 3619 —
1933 3574 2281 3659 vindicent,
2326 3577 2525 3661 impu-

343 3689 578 3744 tantur.

508 3786 726 3853 Germ.
781 3789 873 3872 19,
919 3789 995 3852 15
1032 3788 1300 3874 plusque
1342 3817 1420 3844 =
1465 3790 1606 3874 plus
1652 3790 1839 3853 enim.
1928 3789 2104 3874 (hist.
2150 3792 2201 3874 Ι,
2240 3792 2325 3872 1.)

505 3897 609 3960 Ex
655 3898 1063 3981 antiquorum
1104 3896 1431 3961 rhetorum
1472 3896 1652 3961 libris
1698 3898 1852 3987 satis
1897 3908 2122 3962 notum
2180 3910 2278 3962 est
2336 3922 2523 3985 asyn-

342 4002 488 4068 deto
534 4005 953 4068 elocutionem
995 4004 1133 4068 fieri
1177 4005 1611 4069 efficaciorem.
1685 4005 1755 4070 Si
1798 4017 2012 4070 autem
2053 4008 2342 4091 linguam
2383 4009 2523 4073 lati-

340 4133 489 4175 nam
532 4134 970 4196 comparamus
1024 4133 1166 4175 cum
1208 4111 1429 4195 lingua
1472 4133 1722 4195 graeca,
1767 4114 2035 4177 alteram
2078 4114 2351 4179 fortasse
2397 4125 2520 4179 sta-

341 4228 520 4284 tuere
597 4241 933 4305 possumus
1008 4218 1380 4303 utilitatem,
1456 4241 1648 4304 quam
1722 4223 2062 4306 scriptores
2131 4224 2375 4287 romani
2445 4246 2525 4287 ex

340 4327 663 4413 frequenti
706 4349 826 4391 usu
869 4326 1164 4411 asyndeti
1207 4325 1546 4392 duxerunt.
1646 4329 1868 4414 lingua
1928 4331 2097 4395 enim
2152 4330 2353 4395 latina
2394 4352 2525 4397 non
