<?xml version="1.0" encoding="UTF-8"?>
<!DOCTYPE html PUBLIC "-//W3C//DTD XHTML 1.0 Transitional//EN"
    "http://www.w3.org/TR/xhtml1/DTD/xhtml1-transitional.dtd">
<html xmlns="http://www.w3.org/1999/xhtml" xml:lang="en" lang="en">
 <head>
  <title>
</title>
<meta http-equiv="Content-Type" content="text/html;charset=utf-8" />
  <meta name='ocr-system' content='tesseract 3.04.00' />
  <meta name='ocr-capabilities' content='ocr_page ocr_carea ocr_par ocr_line ocrx_word'/>
</head>
<body>
  <div class='ocr_page' id='page_1' title='image "./quaestionessynt02ihmgoog_0033.png"; bbox 0 0 3181 5188; ppageno 0'>
   <div class='ocr_carea' id='block_1_1' title="bbox 1388 585 1468 650">
    <p class='ocr_par' dir='ltr' id='par_1_1' title="bbox 1388 585 1468 650">
     <span class='ocr_line' id='line_1_1' title="bbox 1388 585 1468 650; baseline -0.013 0"><span class='ocrx_word' id='word_1_1' title='bbox 1388 585 1468 650; x_wconf 87' lang='lat'>27</span> 
     </span>
    </p>
   </div>
   <div class='ocr_carea' id='block_1_2' title="bbox 1225 673 1621 681">
    <p class='ocr_par' dir='ltr' id='par_1_2' title="bbox 1225 673 1621 681">
     <span class='ocr_line' id='line_1_2' title="bbox 1225 673 1621 681; baseline 0 4507"><span class='ocrx_word' id='word_1_2' title='bbox 1225 673 1621 681; x_wconf 95' lang='lat' dir='ltr'> </span> 
     </span>
    </p>
   </div>
   <div class='ocr_carea' id='block_1_3' title="bbox 321 774 2514 2795">
    <p class='ocr_par' dir='ltr' id='par_1_3' title="bbox 321 774 2514 2795">
     <span class='ocr_line' id='line_1_3' title="bbox 493 774 2514 871; baseline -0.002 -19"><span class='ocrx_word' id='word_1_3' title='bbox 493 784 1052 870; x_wconf 86' lang='lat' dir='ltr'>Supervacaneum</span> <span class='ocrx_word' id='word_1_4' title='bbox 1107 795 1205 851; x_wconf 90' lang='lat' dir='ltr'>est</span> <span class='ocrx_word' id='word_1_5' title='bbox 1258 774 1384 849; x_wconf 87' lang='lat' dir='ltr'>hoe</span> <span class='ocrx_word' id='word_1_6' title='bbox 1439 787 1580 850; x_wconf 93' lang='lat' dir='ltr'>loco</span> <span class='ocrx_word' id='word_1_7' title='bbox 1641 807 1805 871; x_wconf 91' lang='lat' dir='ltr'>quae</span> <span class='ocrx_word' id='word_1_8' title='bbox 1863 785 1969 853; x_wconf 87' lang='lat' dir='ltr'>alii</span> <span class='ocrx_word' id='word_1_9' title='bbox 2033 785 2161 848; x_wconf 92' lang='lat' dir='ltr'>iam</span> <span class='ocrx_word' id='word_1_10' title='bbox 2215 783 2514 848; x_wconf 87' lang='lat' dir='ltr'>dixerunt</span> 
     </span>
     <span class='ocr_line' id='line_1_4' title="bbox 324 892 2512 978; baseline -0.001 -21"><span class='ocrx_word' id='word_1_11' title='bbox 324 895 562 959; x_wconf 90' lang='lat' dir='ltr'>iterum</span> <span class='ocrx_word' id='word_1_12' title='bbox 606 894 911 978; x_wconf 84' lang='lat' dir='ltr'>proferre,</span> <span class='ocrx_word' id='word_1_13' title='bbox 957 905 1171 959; x_wconf 90' lang='lat' dir='ltr'>tamen</span> <span class='ocrx_word' id='word_1_14' title='bbox 1216 895 1281 958; x_wconf 93' lang='lat' dir='ltr'>id</span> <span class='ocrx_word' id='word_1_15' title='bbox 1324 894 1751 977; x_wconf 81' lang='lat' dir='ltr'>intellegimus</span> <span class='ocrx_word' id='word_1_16' title='bbox 1795 916 1875 957; x_wconf 87' lang='lat' dir='ltr'>ex</span> <span class='ocrx_word' id='word_1_17' title='bbox 1933 893 2266 956; x_wconf 81' lang='lat' dir='ltr'><strong>sententiis</strong></span> <span class='ocrx_word' id='word_1_18' title='bbox 2307 892 2512 975; x_wconf 89' lang='lat' dir='ltr'>Hugii</span> 
     </span>
     <span class='ocr_line' id='line_1_5' title="bbox 327 1000 2511 1086; baseline -0.001 -21"><span class='ocrx_word' id='word_1_19' title='bbox 327 1010 396 1065; x_wconf 93' lang='lat' dir='ltr'>et</span> <span class='ocrx_word' id='word_1_20' title='bbox 435 1000 847 1086; x_wconf 85' lang='lat' dir='ltr'>Heynacheri</span> <span class='ocrx_word' id='word_1_21' title='bbox 891 1004 1223 1067; x_wconf 82' lang='lat' dir='ltr'>contrariis</span> <span class='ocrx_word' id='word_1_22' title='bbox 1266 1002 1460 1066; x_wconf 89' lang='lat' dir='ltr'>talem</span> <span class='ocrx_word' id='word_1_23' title='bbox 1500 1023 1637 1065; x_wconf 91' lang='lat' dir='ltr'>rem</span> <span class='ocrx_word' id='word_1_24' title='bbox 1682 1023 1844 1086; x_wconf 88' lang='lat' dir='ltr'>quae</span> <span class='ocrx_word' id='word_1_25' title='bbox 1886 1009 2024 1077; x_wconf 88' lang='lat' dir='ltr'>tota</span> <span class='ocrx_word' id='word_1_26' title='bbox 2065 1022 2260 1085; x_wconf 92' lang='lat' dir='ltr'>penes</span> <span class='ocrx_word' id='word_1_27' title='bbox 2302 1001 2511 1064; x_wconf 89' lang='lat' dir='ltr'>unius-</span> 
     </span>
     <span class='ocr_line' id='line_1_6' title="bbox 326 1106 2510 1195; baseline -0 -22"><span class='ocrx_word' id='word_1_28' title='bbox 326 1111 635 1195; x_wconf 90' lang='lat' dir='ltr'>cuiusque</span> <span class='ocrx_word' id='word_1_29' title='bbox 689 1111 1017 1193; x_wconf 87' lang='lat' dir='ltr'>scriptoris</span> <span class='ocrx_word' id='word_1_30' title='bbox 1082 1112 1413 1194; x_wconf 83' lang='lat' dir='ltr'>ingenium</span> <span class='ocrx_word' id='word_1_31' title='bbox 1456 1119 1553 1173; x_wconf 90' lang='lat' dir='ltr'>est</span> <span class='ocrx_word' id='word_1_32' title='bbox 1596 1111 1688 1173; x_wconf 89' lang='lat' dir='ltr'>ita</span> <span class='ocrx_word' id='word_1_33' title='bbox 1729 1108 1811 1172; x_wconf 91' lang='lat' dir='ltr'>ad</span> <span class='ocrx_word' id='word_1_34' title='bbox 1857 1117 2061 1172; x_wconf 88' lang='lat' dir='ltr'>certas</span> <span class='ocrx_word' id='word_1_35' title='bbox 2102 1106 2357 1191; x_wconf 88' lang='lat' dir='ltr'>regulas</span> <span class='ocrx_word' id='word_1_36' title='bbox 2415 1130 2510 1172; x_wconf 92' lang='lat' dir='ltr'>re-</span> 
     </span>
     <span class='ocr_line' id='line_1_7' title="bbox 324 1215 2511 1303; baseline -0.001 -22"><span class='ocrx_word' id='word_1_37' title='bbox 324 1219 546 1282; x_wconf 85' lang='lat' dir='ltr'>vocari</span> <span class='ocrx_word' id='word_1_38' title='bbox 588 1240 718 1282; x_wconf 94' lang='lat' dir='ltr'>non</span> <span class='ocrx_word' id='word_1_39' title='bbox 761 1239 948 1303; x_wconf 90' lang='lat' dir='ltr'>posse</span> <span class='ocrx_word' id='word_1_40' title='bbox 1007 1227 1078 1283; x_wconf 89' lang='lat' dir='ltr'>ut</span> <span class='ocrx_word' id='word_1_41' title='bbox 1138 1239 1355 1282; x_wconf 91' lang='lat' dir='ltr'>omnes</span> <span class='ocrx_word' id='word_1_42' title='bbox 1419 1217 1540 1281; x_wconf 90' lang='lat' dir='ltr'>loci</span> <span class='ocrx_word' id='word_1_43' title='bbox 1600 1216 2014 1300; x_wconf 82' lang='lat' dir='ltr'>explicentur.</span> <span class='ocrx_word' id='word_1_44' title='bbox 2110 1215 2318 1281; x_wconf 91' lang='lat' dir='ltr'>Nemo</span> <span class='ocrx_word' id='word_1_45' title='bbox 2372 1217 2511 1299; x_wconf 88' lang='lat' dir='ltr'>erit,</span> 
     </span>
     <span class='ocr_line' id='line_1_8' title="bbox 325 1326 2513 1410; baseline 0 -21"><span class='ocrx_word' id='word_1_46' title='bbox 325 1326 440 1410; x_wconf 90' lang='lat' dir='ltr'>qui</span> <span class='ocrx_word' id='word_1_47' title='bbox 500 1336 696 1410; x_wconf 84' lang='lat' dir='ltr'>neget</span> <span class='ocrx_word' id='word_1_48' title='bbox 752 1326 1021 1391; x_wconf 89' lang='lat' dir='ltr'>multum</span> <span class='ocrx_word' id='word_1_49' title='bbox 1087 1327 1152 1390; x_wconf 94' lang='lat' dir='ltr'>in</span> <span class='ocrx_word' id='word_1_50' title='bbox 1216 1326 1337 1390; x_wconf 89' lang='lat' dir='ltr'>hac</span> <span class='ocrx_word' id='word_1_51' title='bbox 1392 1348 1462 1390; x_wconf 91' lang='lat' dir='ltr'>re</span> <span class='ocrx_word' id='word_1_52' title='bbox 1505 1327 1815 1395; x_wconf 83' lang='lat' dir='ltr'>interesse</span> <span class='ocrx_word' id='word_1_53' title='bbox 1856 1334 2071 1389; x_wconf 91' lang='lat' dir='ltr'>utrum</span> <span class='ocrx_word' id='word_1_54' title='bbox 2115 1326 2513 1389; x_wconf 90' lang='lat' dir='ltr'>enuntiatum</span> 
     </span>
     <span class='ocr_line' id='line_1_9' title="bbox 323 1432 2511 1518; baseline 0 -21"><span class='ocrx_word' id='word_1_55' title='bbox 323 1433 772 1498; x_wconf 86' lang='lat' dir='ltr'>secundarium</span> <span class='ocrx_word' id='word_1_56' title='bbox 828 1436 1144 1499; x_wconf 81' lang='lat' dir='ltr'>actionem</span> <span class='ocrx_word' id='word_1_57' title='bbox 1209 1435 1575 1518; x_wconf 89' lang='lat' dir='ltr'>primariam</span> <span class='ocrx_word' id='word_1_58' title='bbox 1642 1442 1944 1518; x_wconf 91' lang='lat' dir='ltr'>sequatur</span> <span class='ocrx_word' id='word_1_59' title='bbox 2007 1455 2092 1497; x_wconf 91' lang='lat' dir='ltr'>an</span> <span class='ocrx_word' id='word_1_60' title='bbox 2152 1432 2511 1517; x_wconf 82' lang='lat' dir='ltr'>antecedat,</span> 
     </span>
     <span class='ocr_line' id='line_1_10' title="bbox 322 1540 2510 1628; baseline -0 -23"><span class='ocrx_word' id='word_1_61' title='bbox 322 1541 440 1606; x_wconf 88' lang='lat' dir='ltr'>sed</span> <span class='ocrx_word' id='word_1_62' title='bbox 481 1541 603 1605; x_wconf 92' lang='lat' dir='ltr'>hoc</span> <span class='ocrx_word' id='word_1_63' title='bbox 649 1563 903 1628; x_wconf 90' lang='lat' dir='ltr'>quoque</span> <span class='ocrx_word' id='word_1_64' title='bbox 944 1542 1215 1607; x_wconf 90' lang='lat' dir='ltr'>multum</span> <span class='ocrx_word' id='word_1_65' title='bbox 1257 1542 1430 1606; x_wconf 84' lang='lat' dir='ltr'>valet</span> <span class='ocrx_word' id='word_1_66' title='bbox 1489 1551 1705 1605; x_wconf 89' lang='lat' dir='ltr'>utrum</span> <span class='ocrx_word' id='word_1_67' title='bbox 1745 1540 2013 1605; x_wconf 80' lang='lat' dir='ltr'>verbum</span> <span class='ocrx_word' id='word_1_68' title='bbox 2068 1540 2510 1605; x_wconf 89' lang='lat' dir='ltr'>secundarium</span> 
     </span>
     <span class='ocr_line' id='line_1_11' title="bbox 321 1648 2514 1735; baseline 0 -23"><span class='ocrx_word' id='word_1_69' title='bbox 321 1649 520 1733; x_wconf 91' lang='lat' dir='ltr'>longe</span> <span class='ocrx_word' id='word_1_70' title='bbox 558 1672 641 1713; x_wconf 97' lang='lat' dir='ltr'>an</span> <span class='ocrx_word' id='word_1_71' title='bbox 684 1671 884 1735; x_wconf 90' lang='lat' dir='ltr'>prope</span> <span class='ocrx_word' id='word_1_72' title='bbox 934 1648 1103 1714; x_wconf 91' lang='lat' dir='ltr'>absit</span> <span class='ocrx_word' id='word_1_73' title='bbox 1157 1673 1199 1714; x_wconf 89' lang='lat' dir='ltr'>a</span> <span class='ocrx_word' id='word_1_74' title='bbox 1238 1648 1437 1714; x_wconf 90' lang='lat' dir='ltr'>verbo</span> <span class='ocrx_word' id='word_1_75' title='bbox 1481 1650 1802 1734; x_wconf 90' lang='lat' dir='ltr'>primario.</span> <span class='ocrx_word' id='word_1_76' title='bbox 1904 1649 2182 1713; x_wconf 86' lang='lat' dir='ltr'>Facilius</span> <span class='ocrx_word' id='word_1_77' title='bbox 2240 1648 2514 1733; x_wconf 89' lang='lat' dir='ltr'>denique</span> 
     </span>
     <span class='ocr_line' id='line_1_12' title="bbox 324 1756 2514 1842; baseline 0 -22"><span class='ocrx_word' id='word_1_78' title='bbox 324 1757 618 1842; x_wconf 90' lang='lat' dir='ltr'>sequitur</span> <span class='ocrx_word' id='word_1_79' title='bbox 661 1758 1102 1822; x_wconf 90' lang='lat' dir='ltr'>coniunctivus</span> <span class='ocrx_word' id='word_1_80' title='bbox 1149 1758 1500 1842; x_wconf 90' lang='lat' dir='ltr'>praesentis</span> <span class='ocrx_word' id='word_1_81' title='bbox 1558 1758 1626 1820; x_wconf 92' lang='lat' dir='ltr'>in</span> <span class='ocrx_word' id='word_1_82' title='bbox 1670 1757 1996 1821; x_wconf 88' lang='lat' dir='ltr'>enuntiato</span> <span class='ocrx_word' id='word_1_83' title='bbox 2042 1756 2415 1821; x_wconf 91' lang='lat' dir='ltr'>secundario</span> <span class='ocrx_word' id='word_1_84' title='bbox 2459 1758 2514 1820; x_wconf 89' lang='lat' dir='ltr'>si</span> 
     </span>
     <span class='ocr_line' id='line_1_13' title="bbox 322 1863 2509 1949; baseline 0.001 -23"><span class='ocrx_word' id='word_1_85' title='bbox 322 1865 523 1927; x_wconf 90' lang='lat' dir='ltr'>totius</span> <span class='ocrx_word' id='word_1_86' title='bbox 569 1866 794 1949; x_wconf 88' lang='lat' dir='ltr'>capitis</span> <span class='ocrx_word' id='word_1_87' title='bbox 837 1866 1118 1929; x_wconf 92' lang='lat' dir='ltr'>narratio</span> <span class='ocrx_word' id='word_1_88' title='bbox 1161 1863 1349 1928; x_wconf 87' lang='lat' dir='ltr'>valde</span> <span class='ocrx_word' id='word_1_89' title='bbox 1394 1865 1715 1928; x_wconf 89' lang='lat' dir='ltr'>concitata</span> <span class='ocrx_word' id='word_1_90' title='bbox 1745 1874 1841 1928; x_wconf 92' lang='lat' dir='ltr'>est</span> <span class='ocrx_word' id='word_1_91' title='bbox 1871 1873 1936 1928; x_wconf 91' lang='lat' dir='ltr'>et</span> <span class='ocrx_word' id='word_1_92' title='bbox 1964 1866 2209 1948; x_wconf 85' lang='lat' dir='ltr'>alacris,</span> <span class='ocrx_word' id='word_1_93' title='bbox 2247 1865 2328 1929; x_wconf 89' lang='lat' dir='ltr'>cf.</span> <span class='ocrx_word' id='word_1_94' title='bbox 2352 1864 2415 1928; x_wconf 93' lang='lat' dir='ltr'>b.</span> <span class='ocrx_word' id='word_1_95' title='bbox 2446 1885 2509 1948; x_wconf 91' lang='lat' dir='ltr'>g.</span> 
     </span>
     <span class='ocr_line' id='line_1_14' title="bbox 323 1970 2509 2058; baseline 0.001 -24"><span class='ocrx_word' id='word_1_96' title='bbox 323 1970 464 2034; x_wconf 92' lang='lat' dir='ltr'>VII</span> <span class='ocrx_word' id='word_1_97' title='bbox 507 1973 603 2054; x_wconf 90' lang='lat'>70,</span> <span class='ocrx_word' id='word_1_98' title='bbox 652 1974 752 2037; x_wconf 94' lang='lat' dir='ltr'>cui</span> <span class='ocrx_word' id='word_1_99' title='bbox 795 1974 988 2058; x_wconf 89' lang='lat' dir='ltr'>capiti</span> <span class='ocrx_word' id='word_1_100' title='bbox 1033 1972 1467 2058; x_wconf 88' lang='lat' dir='ltr'>septendecim</span> <span class='ocrx_word' id='word_1_101' title='bbox 1510 1973 1730 2036; x_wconf 90' lang='lat' dir='ltr'>insunt</span> <span class='ocrx_word' id='word_1_102' title='bbox 1772 1974 2135 2057; x_wconf 88' lang='lat' dir='ltr'>praesentia</span> <span class='ocrx_word' id='word_1_103' title='bbox 2177 1972 2509 2055; x_wconf 84' lang='lat' dir='ltr'>historica3</span> 
     </span>
     <span class='ocr_line' id='line_1_15' title="bbox 322 2078 2510 2165; baseline 0.001 -23"><span class='ocrx_word' id='word_1_104' title='bbox 322 2078 452 2142; x_wconf 92' lang='lat' dir='ltr'>huc</span> <span class='ocrx_word' id='word_1_105' title='bbox 512 2080 918 2145; x_wconf 88' lang='lat' dir='ltr'>referendum</span> <span class='ocrx_word' id='word_1_106' title='bbox 982 2090 1078 2145; x_wconf 92' lang='lat' dir='ltr'>est</span> <span class='ocrx_word' id='word_1_107' title='bbox 1142 2082 1334 2146; x_wconf 88' lang='lat' dir='ltr'>etiam</span> <span class='ocrx_word' id='word_1_108' title='bbox 1391 2081 1445 2147; x_wconf 85' lang='lat' dir='ltr'>si</span> <span class='ocrx_word' id='word_1_109' title='bbox 1503 2081 1567 2143; x_wconf 91' lang='lat' dir='ltr'>in</span> <span class='ocrx_word' id='word_1_110' title='bbox 1634 2082 1960 2145; x_wconf 89' lang='lat' dir='ltr'>enuntiato</span> <span class='ocrx_word' id='word_1_111' title='bbox 2027 2081 2328 2165; x_wconf 90' lang='lat' dir='ltr'>primario</span> <span class='ocrx_word' id='word_1_112' title='bbox 2386 2080 2510 2144; x_wconf 92' lang='lat' dir='ltr'>duo</span> 
     </span>
     <span class='ocr_line' id='line_1_16' title="bbox 328 2188 2510 2272; baseline 0.001 -23"><span class='ocrx_word' id='word_1_113' title='bbox 328 2188 695 2271; x_wconf 91' lang='lat' dir='ltr'>praesentia</span> <span class='ocrx_word' id='word_1_114' title='bbox 766 2198 914 2252; x_wconf 92' lang='lat' dir='ltr'>sunt</span> <span class='ocrx_word' id='word_1_115' title='bbox 936 2239 953 2272; x_wconf 92' lang='lat'>,</span> <span class='ocrx_word' id='word_1_116' title='bbox 1018 2197 1128 2253; x_wconf 91' lang='lat' dir='ltr'>aut</span> <span class='ocrx_word' id='word_1_117' title='bbox 1194 2190 1592 2253; x_wconf 82' lang='lat' dir='ltr'>enuntiatum</span> <span class='ocrx_word' id='word_1_118' title='bbox 1655 2190 2099 2254; x_wconf 90' lang='lat' dir='ltr'>secundarium</span> <span class='ocrx_word' id='word_1_119' title='bbox 2157 2191 2323 2254; x_wconf 92' lang='lat' dir='ltr'>inter</span> <span class='ocrx_word' id='word_1_120' title='bbox 2387 2189 2510 2253; x_wconf 91' lang='lat' dir='ltr'>duo</span> 
     </span>
     <span class='ocr_line' id='line_1_17' title="bbox 332 2295 2509 2383; baseline 0.002 -27"><span class='ocrx_word' id='word_1_121' title='bbox 332 2297 701 2379; x_wconf 87' lang='lat' dir='ltr'>praesentia</span> <span class='ocrx_word' id='word_1_122' title='bbox 737 2295 1040 2361; x_wconf 89' lang='lat' dir='ltr'>historica</span> <span class='ocrx_word' id='word_1_123' title='bbox 1082 2306 1180 2361; x_wconf 89' lang='lat' dir='ltr'>est</span> <span class='ocrx_word' id='word_1_124' title='bbox 1220 2299 1670 2382; x_wconf 87' lang='lat' dir='ltr'>interpositum</span> <span class='ocrx_word' id='word_1_125' title='bbox 1715 2307 1778 2362; x_wconf 92' lang='lat' dir='ltr'>et</span> <span class='ocrx_word' id='word_1_126' title='bbox 1821 2298 2066 2362; x_wconf 90' lang='lat' dir='ltr'>similia.</span> <span class='ocrx_word' id='word_1_127' title='bbox 2153 2298 2302 2361; x_wconf 93' lang='lat' dir='ltr'>Duo</span> <span class='ocrx_word' id='word_1_128' title='bbox 2330 2302 2509 2383; x_wconf 88' lang='lat' dir='ltr'>prae-</span> 
     </span>
     <span class='ocr_line' id='line_1_18' title="bbox 335 2401 2510 2490; baseline 0.001 -23"><span class='ocrx_word' id='word_1_129' title='bbox 335 2403 546 2467; x_wconf 90' lang='lat' dir='ltr'>sentia</span> <span class='ocrx_word' id='word_1_130' title='bbox 601 2401 747 2467; x_wconf 92' lang='lat' dir='ltr'>hist.</span> <span class='ocrx_word' id='word_1_131' title='bbox 793 2403 1099 2469; x_wconf 90' lang='lat' dir='ltr'>habemus</span> <span class='ocrx_word' id='word_1_132' title='bbox 1157 2406 1224 2469; x_wconf 92' lang='lat' dir='ltr'>in</span> <span class='ocrx_word' id='word_1_133' title='bbox 1279 2415 1494 2470; x_wconf 91' lang='lat' dir='ltr'>enunt.</span> <span class='ocrx_word' id='word_1_134' title='bbox 1538 2407 1721 2490; x_wconf 88' lang='lat' dir='ltr'>prim.</span> <span class='ocrx_word' id='word_1_135' title='bbox 1767 2405 1827 2469; x_wconf 92' lang='lat' dir='ltr'>b.</span> <span class='ocrx_word' id='word_1_136' title='bbox 1871 2427 1937 2489; x_wconf 92' lang='lat' dir='ltr'>g.</span> <span class='ocrx_word' id='word_1_137' title='bbox 1980 2405 2016 2469; x_wconf 94' lang='lat' dir='ltr'>I</span> <span class='ocrx_word' id='word_1_138' title='bbox 2057 2406 2115 2471; x_wconf 93' lang='lat'>8.</span> <span class='ocrx_word' id='word_1_139' title='bbox 2160 2406 2219 2470; x_wconf 89' lang='grc'>9.</span> <span class='ocrx_word' id='word_1_140' title='bbox 2267 2406 2365 2469; x_wconf 93' lang='grc'><strong>19.</strong></span> <span class='ocrx_word' id='word_1_141' title='bbox 2408 2406 2510 2469; x_wconf 95' lang='grc'>20.</span> 
     </span>
     <span class='ocr_line' id='line_1_19' title="bbox 326 2510 2508 2579; baseline 0.001 -5"><span class='ocrx_word' id='word_1_142' title='bbox 326 2510 393 2574; x_wconf 93' lang='lat' dir='ltr'><strong>V</strong></span> <span class='ocrx_word' id='word_1_143' title='bbox 433 2511 535 2575; x_wconf 87' lang='grc'>20.</span> <span class='ocrx_word' id='word_1_144' title='bbox 598 2511 680 2575; x_wconf 91' lang='grc'>22</span> <span class='ocrx_word' id='word_1_145' title='bbox 746 2511 861 2575; x_wconf 92' lang='lat' dir='ltr'>bis.</span> <span class='ocrx_word' id='word_1_146' title='bbox 926 2513 1024 2576; x_wconf 89' lang='lat'>31.</span> <span class='ocrx_word' id='word_1_147' title='bbox 1086 2514 1183 2578; x_wconf 88' lang='lat'>38.</span> <span class='ocrx_word' id='word_1_148' title='bbox 1248 2513 1368 2579; x_wconf 62' lang='lat' dir='ltr'>&#39;VI</span> <span class='ocrx_word' id='word_1_149' title='bbox 1409 2515 1467 2579; x_wconf 88' lang='grc'>9.</span> <span class='ocrx_word' id='word_1_150' title='bbox 1519 2515 1615 2578; x_wconf 93' lang='grc'><strong>10.</strong></span> <span class='ocrx_word' id='word_1_151' title='bbox 1659 2515 1758 2578; x_wconf 87' lang='grc'><strong>37.</strong></span> <span class='ocrx_word' id='word_1_152' title='bbox 1802 2514 1901 2578; x_wconf 93' lang='grc'>39.</span> <span class='ocrx_word' id='word_1_153' title='bbox 1946 2515 2046 2579; x_wconf 88' lang='grc'>40.</span> <span class='ocrx_word' id='word_1_154' title='bbox 2135 2512 2266 2579; x_wconf 88' lang='lat' dir='ltr'>VH</span> <span class='ocrx_word' id='word_1_155' title='bbox 2306 2514 2365 2577; x_wconf 90' lang='lat'>4.</span> <span class='ocrx_word' id='word_1_156' title='bbox 2410 2514 2508 2579; x_wconf 88' lang='lat'>37.</span> 
     </span>
     <span class='ocr_line' id='line_1_20' title="bbox 328 2619 2509 2688; baseline 0.001 -5"><span class='ocrx_word' id='word_1_157' title='bbox 328 2619 431 2683; x_wconf 87' lang='lat'>38.</span> <span class='ocrx_word' id='word_1_158' title='bbox 477 2619 576 2685; x_wconf 84' lang='lat'>39.</span> <span class='ocrx_word' id='word_1_159' title='bbox 620 2621 720 2686; x_wconf 89' lang='lat'>40.</span> <span class='ocrx_word' id='word_1_160' title='bbox 761 2621 862 2685; x_wconf 94' lang='lat'>42.</span> <span class='ocrx_word' id='word_1_161' title='bbox 947 2621 1008 2685; x_wconf 90' lang='lat' dir='ltr'>b.</span> <span class='ocrx_word' id='word_1_162' title='bbox 1056 2645 1108 2686; x_wconf 91' lang='lat' dir='ltr'>c.</span> <span class='ocrx_word' id='word_1_163' title='bbox 1168 2622 1204 2686; x_wconf 94' lang='lat' dir='ltr'>I</span> <span class='ocrx_word' id='word_1_164' title='bbox 1253 2624 1343 2686; x_wconf 93' lang='lat'>17.</span> <span class='ocrx_word' id='word_1_165' title='bbox 1393 2624 1487 2687; x_wconf 92' lang='grc'>19.</span> <span class='ocrx_word' id='word_1_166' title='bbox 1530 2624 1632 2688; x_wconf 89' lang='grc'>21.</span> <span class='ocrx_word' id='word_1_167' title='bbox 1678 2623 1778 2688; x_wconf 88' lang='grc'>22.</span> <span class='ocrx_word' id='word_1_168' title='bbox 1821 2623 1923 2687; x_wconf 91' lang='grc'><strong>26.</strong></span> <span class='ocrx_word' id='word_1_169' title='bbox 1968 2623 2067 2688; x_wconf 89' lang='lat'>32.</span> <span class='ocrx_word' id='word_1_170' title='bbox 2154 2622 2225 2687; x_wconf 91' lang='lat' dir='ltr'><strong>H</strong></span> <span class='ocrx_word' id='word_1_171' title='bbox 2270 2622 2365 2687; x_wconf 90' lang='lat'>12.</span> <span class='ocrx_word' id='word_1_172' title='bbox 2413 2623 2509 2686; x_wconf 87' lang='lat'>15.</span> 
     </span>
     <span class='ocr_line' id='line_1_21' title="bbox 325 2714 1472 2795; baseline 0.003 -5"><span class='ocrx_word' id='word_1_173' title='bbox 325 2726 429 2790; x_wconf 93' lang='lat'>20.</span> <span class='ocrx_word' id='word_1_174' title='bbox 475 2727 574 2791; x_wconf 89' lang='lat'>32.</span> <span class='ocrx_word' id='word_1_175' title='bbox 618 2727 718 2793; x_wconf 92' lang='lat'>40.</span> <span class='ocrx_word' id='word_1_176' title='bbox 762 2729 862 2793; x_wconf 93' lang='lat'>43.</span> <span class='ocrx_word' id='word_1_177' title='bbox 945 2727 1051 2792; x_wconf 89' lang='lat'>111</span> <span class='ocrx_word' id='word_1_178' title='bbox 1093 2730 1193 2795; x_wconf 93' lang='lat'>82.</span> <span class='ocrx_word' id='word_1_179' title='bbox 1463 2714 1472 2721; x_wconf 85' lang='grc'><strong><em>’</em></strong></span> 
     </span>
    </p>
   </div>
   <div class='ocr_carea' id='block_1_4' title="bbox 321 2835 2510 4002">
    <p class='ocr_par' dir='ltr' id='par_1_4' title="bbox 321 2835 2510 3245">
     <span class='ocr_line' id='line_1_22' title="bbox 493 2835 2509 2922; baseline 0.001 -24"><span class='ocrx_word' id='word_1_180' title='bbox 493 2835 899 2921; x_wconf 83' lang='lat' dir='ltr'>Quamquam</span> <span class='ocrx_word' id='word_1_181' title='bbox 938 2835 1096 2900; x_wconf 89' lang='lat' dir='ltr'>haec</span> <span class='ocrx_word' id='word_1_182' title='bbox 1154 2838 1369 2901; x_wconf 89' lang='lat' dir='ltr'>omnia</span> <span class='ocrx_word' id='word_1_183' title='bbox 1426 2840 1580 2902; x_wconf 89' lang='lat' dir='ltr'>satis</span> <span class='ocrx_word' id='word_1_184' title='bbox 1641 2840 1767 2902; x_wconf 89' lang='lat' dir='ltr'>iam</span> <span class='ocrx_word' id='word_1_185' title='bbox 1809 2838 2027 2902; x_wconf 87' lang='lat' dir='ltr'>valent</span> <span class='ocrx_word' id='word_1_186' title='bbox 2069 2838 2152 2902; x_wconf 91' lang='lat' dir='ltr'>ad</span> <span class='ocrx_word' id='word_1_187' title='bbox 2192 2837 2509 2922; x_wconf 86' lang='lat' dir='ltr'>explican-</span> 
     </span>
     <span class='ocr_line' id='line_1_23' title="bbox 325 2943 2507 3029; baseline 0 -22"><span class='ocrx_word' id='word_1_188' title='bbox 325 2943 480 3008; x_wconf 94' lang='lat' dir='ltr'>dum</span> <span class='ocrx_word' id='word_1_189' title='bbox 520 2965 708 3008; x_wconf 92' lang='lat' dir='ltr'>usum</span> <span class='ocrx_word' id='word_1_190' title='bbox 761 2946 1114 3028; x_wconf 90' lang='lat' dir='ltr'>praesentis</span> <span class='ocrx_word' id='word_1_191' title='bbox 1175 2944 1479 3029; x_wconf 84' lang='lat' dir='ltr'>historici,</span> <span class='ocrx_word' id='word_1_192' title='bbox 1537 2956 1752 3011; x_wconf 89' lang='lat' dir='ltr'>tamen</span> <span class='ocrx_word' id='word_1_193' title='bbox 1812 2946 2290 3011; x_wconf 89' lang='lat' dir='ltr'>observationes</span> <span class='ocrx_word' id='word_1_194' title='bbox 2351 2967 2507 3008; x_wconf 90' lang='lat' dir='ltr'>non-</span> 
     </span>
     <span class='ocr_line' id='line_1_24' title="bbox 321 3051 2510 3139; baseline 0.001 -23"><span class='ocrx_word' id='word_1_195' title='bbox 321 3051 529 3116; x_wconf 91' lang='lat' dir='ltr'>nullas</span> <span class='ocrx_word' id='word_1_196' title='bbox 600 3052 961 3135; x_wconf 87' lang='lat' dir='ltr'>prolaturus</span> <span class='ocrx_word' id='word_1_197' title='bbox 1033 3074 1173 3116; x_wconf 92' lang='lat' dir='ltr'>sum</span> <span class='ocrx_word' id='word_1_198' title='bbox 1188 3103 1207 3137; x_wconf 99' lang='lat'>,</span> <span class='ocrx_word' id='word_1_199' title='bbox 1302 3054 1532 3138; x_wconf 91' lang='lat' dir='ltr'>quibus</span> <span class='ocrx_word' id='word_1_200' title='bbox 1606 3076 1770 3139; x_wconf 90' lang='lat' dir='ltr'>quae</span> <span class='ocrx_word' id='word_1_201' title='bbox 1838 3056 1945 3120; x_wconf 89' lang='lat' dir='ltr'>alii</span> <span class='ocrx_word' id='word_1_202' title='bbox 2022 3056 2149 3118; x_wconf 91' lang='lat' dir='ltr'>iam</span> <span class='ocrx_word' id='word_1_203' title='bbox 2212 3054 2510 3118; x_wconf 86' lang='lat' dir='ltr'>dixerunt</span> 
     </span>
     <span class='ocr_line' id='line_1_25' title="bbox 322 3159 1249 3245; baseline 0.003 -22"><span class='ocrx_word' id='word_1_204' title='bbox 322 3159 601 3224; x_wconf 88' lang='lat' dir='ltr'>fortasse</span> <span class='ocrx_word' id='word_1_205' title='bbox 644 3161 923 3244; x_wconf 92' lang='lat' dir='ltr'>suppleri</span> <span class='ocrx_word' id='word_1_206' title='bbox 966 3170 1249 3245; x_wconf 89' lang='lat' dir='ltr'>possunt.</span> 
     </span>
    </p>

    <p class='ocr_par' dir='ltr' id='par_1_5' title="bbox 323 3266 2509 4002">
     <span class='ocr_line' id='line_1_26' title="bbox 490 3266 2507 3355; baseline 0.002 -24"><span class='ocrx_word' id='word_1_207' title='bbox 490 3266 569 3331; x_wconf 90' lang='lat' dir='ltr'>In</span> <span class='ocrx_word' id='word_1_208' title='bbox 628 3269 971 3333; x_wconf 91' lang='lat' dir='ltr'>enuntiatis</span> <span class='ocrx_word' id='word_1_209' title='bbox 1015 3269 1310 3335; x_wconf 90' lang='lat' dir='ltr'>finalibus</span> <span class='ocrx_word' id='word_1_210' title='bbox 1377 3279 1441 3335; x_wconf 92' lang='lat' dir='ltr'>et</span> <span class='ocrx_word' id='word_1_211' title='bbox 1498 3272 1576 3335; x_wconf 91' lang='lat' dir='ltr'>iis</span> <span class='ocrx_word' id='word_1_212' title='bbox 1636 3271 2107 3336; x_wconf 91' lang='lat' dir='ltr'>enuntiatorum</span> <span class='ocrx_word' id='word_1_213' title='bbox 2165 3269 2507 3355; x_wconf 90' lang='lat' dir='ltr'>generibus</span> 
     </span>
     <span class='ocr_line' id='line_1_27' title="bbox 326 3376 2505 3464; baseline 0.002 -25"><span class='ocrx_word' id='word_1_214' title='bbox 326 3397 493 3460; x_wconf 90' lang='lat' dir='ltr'>quae</span> <span class='ocrx_word' id='word_1_215' title='bbox 534 3376 633 3440; x_wconf 88' lang='lat' dir='ltr'>his</span> <span class='ocrx_word' id='word_1_216' title='bbox 677 3385 826 3440; x_wconf 92' lang='lat' dir='ltr'>sunt</span> <span class='ocrx_word' id='word_1_217' title='bbox 871 3380 1253 3461; x_wconf 86' lang='lat' dir='ltr'>cognatione</span> <span class='ocrx_word' id='word_1_218' title='bbox 1297 3379 1573 3463; x_wconf 89' lang='lat' dir='ltr'>quadam</span> <span class='ocrx_word' id='word_1_219' title='bbox 1619 3381 1975 3462; x_wconf 90' lang='lat' dir='ltr'>coniuncta,</span> <span class='ocrx_word' id='word_1_220' title='bbox 2017 3389 2273 3464; x_wconf 91' lang='lat' dir='ltr'>praeter</span> <span class='ocrx_word' id='word_1_221' title='bbox 2312 3401 2505 3443; x_wconf 91' lang='lat' dir='ltr'>enun-</span> 
     </span>
     <span class='ocr_line' id='line_1_28' title="bbox 324 3484 2509 3552; baseline 0.001 -5"><span class='ocrx_word' id='word_1_222' title='bbox 324 3484 469 3547; x_wconf 90' lang='lat' dir='ltr'>tiati</span> <span class='ocrx_word' id='word_1_223' title='bbox 513 3484 870 3548; x_wconf 89' lang='lat' dir='ltr'>secundarii</span> <span class='ocrx_word' id='word_1_224' title='bbox 912 3484 1393 3549; x_wconf 91' lang='lat' dir='ltr'>collocationem</span> <span class='ocrx_word' id='word_1_225' title='bbox 1436 3495 1501 3551; x_wconf 90' lang='lat' dir='ltr'>et</span> <span class='ocrx_word' id='word_1_226' title='bbox 1556 3487 1831 3552; x_wconf 89' lang='lat' dir='ltr'>fortasse</span> <span class='ocrx_word' id='word_1_227' title='bbox 1886 3488 1968 3552; x_wconf 89' lang='lat' dir='ltr'>ad</span> <span class='ocrx_word' id='word_1_228' title='bbox 2029 3488 2509 3552; x_wconf 90' lang='lat' dir='ltr'>collocationem</span> 
     </span>
     <span class='ocr_line' id='line_1_29' title="bbox 324 3590 2506 3681; baseline 0.002 -27"><span class='ocrx_word' id='word_1_229' title='bbox 324 3591 602 3655; x_wconf 89' lang='lat' dir='ltr'>valuisse</span> <span class='ocrx_word' id='word_1_230' title='bbox 642 3590 895 3656; x_wconf 87' lang='lat' dir='ltr'>videtur</span> <span class='ocrx_word' id='word_1_231' title='bbox 937 3593 1130 3656; x_wconf 91' lang='lat' dir='ltr'>etiam</span> <span class='ocrx_word' id='word_1_232' title='bbox 1188 3595 1364 3657; x_wconf 91' lang='lat' dir='ltr'>notio</span> <span class='ocrx_word' id='word_1_233' title='bbox 1409 3594 1921 3681; x_wconf 90' lang='lat' dir='ltr'>significatioque</span> <span class='ocrx_word' id='word_1_234' title='bbox 1961 3594 2142 3660; x_wconf 79' lang='lat' dir='ltr'>verbi</span> <span class='ocrx_word' id='word_1_235' title='bbox 2181 3596 2506 3680; x_wconf 86' lang='lat' dir='ltr'>regentis;</span> 
     </span>
     <span class='ocr_line' id='line_1_30' title="bbox 323 3697 2508 3788; baseline 0.001 -23"><span class='ocrx_word' id='word_1_236' title='bbox 323 3697 631 3765; x_wconf 90' lang='lat' dir='ltr'>habemus</span> <span class='ocrx_word' id='word_1_237' title='bbox 675 3701 844 3764; x_wconf 89' lang='lat' dir='ltr'>enim</span> <span class='ocrx_word' id='word_1_238' title='bbox 902 3708 1086 3784; x_wconf 90' lang='lat' dir='ltr'>post</span> <span class='ocrx_word' id='word_1_239' title='bbox 1148 3700 1402 3764; x_wconf 89' lang='lat' dir='ltr'>verba</span> <span class='ocrx_word' id='word_1_240' title='bbox 1464 3702 1959 3786; x_wconf 88' lang='lat' dir='ltr'>imperandi,</span> <span class='ocrx_word' id='word_1_241' title='bbox 2020 3704 2169 3788; x_wconf 91' lang='lat' dir='ltr'>quia</span> <span class='ocrx_word' id='word_1_242' title='bbox 2225 3702 2508 3767; x_wconf 91' lang='lat' dir='ltr'>subitum</span> 
     </span>
     <span class='ocr_line' id='line_1_31' title="bbox 323 3807 2505 3895; baseline 0.003 -27"><span class='ocrx_word' id='word_1_243' title='bbox 323 3807 671 3871; x_wconf 88' lang='lat' dir='ltr'>voluntatis</span> <span class='ocrx_word' id='word_1_244' title='bbox 730 3809 1073 3892; x_wconf 92' lang='lat' dir='ltr'>impetum,</span> <span class='ocrx_word' id='word_1_245' title='bbox 1139 3810 1192 3871; x_wconf 93' lang='lat' dir='ltr'>si</span> <span class='ocrx_word' id='word_1_246' title='bbox 1261 3809 1328 3873; x_wconf 94' lang='lat' dir='ltr'>in</span> <span class='ocrx_word' id='word_1_247' title='bbox 1386 3811 1711 3893; x_wconf 87' lang='lat' dir='ltr'>praesenti</span> <span class='ocrx_word' id='word_1_248' title='bbox 1769 3809 2070 3875; x_wconf 89' lang='lat' dir='ltr'>historico</span> <span class='ocrx_word' id='word_1_249' title='bbox 2126 3820 2301 3895; x_wconf 88' lang='lat' dir='ltr'>sunt,</span> <span class='ocrx_word' id='word_1_250' title='bbox 2361 3834 2505 3875; x_wconf 92' lang='lat' dir='ltr'>con-</span> 
     </span>
     <span class='ocr_line' id='line_1_32' title="bbox 326 3915 2506 4002; baseline 0.003 -25"><span class='ocrx_word' id='word_1_251' title='bbox 326 3915 588 3978; x_wconf 90' lang='lat' dir='ltr'>citatam</span> <span class='ocrx_word' id='word_1_252' title='bbox 642 3915 988 3980; x_wconf 87' lang='lat' dir='ltr'>voluntatis</span> <span class='ocrx_word' id='word_1_253' title='bbox 1052 3915 1545 3981; x_wconf 88' lang='lat' dir='ltr'>declarationem</span> <span class='ocrx_word' id='word_1_254' title='bbox 1603 3919 1987 4002; x_wconf 89' lang='lat' dir='ltr'>exprimunt,</span> <span class='ocrx_word' id='word_1_255' title='bbox 2053 3918 2298 3983; x_wconf 88' lang='lat' dir='ltr'>duobus</span> <span class='ocrx_word' id='word_1_256' title='bbox 2349 3920 2506 3984; x_wconf 91' lang='lat' dir='ltr'>locis</span> 
     </span>
    </p>
   </div>
   <div class='ocr_carea' id='block_1_5' title="bbox 325 4023 2503 4113">
    <p class='ocr_par' dir='ltr' id='par_1_6' title="bbox 325 4023 2503 4113">
     <span class='ocr_line' id='line_1_33' title="bbox 325 4023 2503 4113; baseline 0.004 -29"><span class='ocrx_word' id='word_1_257' title='bbox 325 4023 608 4105; x_wconf 87' lang='lat' dir='ltr'>exceptis</span> <span class='ocrx_word' id='word_1_258' title='bbox 667 4024 1140 4087; x_wconf 85' lang='lat' dir='ltr'>coniunctivum</span> <span class='ocrx_word' id='word_1_259' title='bbox 1202 4026 1555 4107; x_wconf 90' lang='lat' dir='ltr'>praesentis</span> <span class='ocrx_word' id='word_1_260' title='bbox 1615 4024 1675 4089; x_wconf 88' lang='lat' dir='ltr'>b.</span> <span class='ocrx_word' id='word_1_261' title='bbox 1722 4047 1784 4110; x_wconf 92' lang='lat' dir='ltr'>g.</span> <span class='ocrx_word' id='word_1_262' title='bbox 1828 4025 1934 4090; x_wconf 92' lang='lat' dir='ltr'>III</span> <span class='ocrx_word' id='word_1_263' title='bbox 1978 4029 2074 4111; x_wconf 92' lang='lat'>11,</span> <span class='ocrx_word' id='word_1_264' title='bbox 2116 4029 2176 4094; x_wconf 92' lang='lat'>2.</span> <span class='ocrx_word' id='word_1_265' title='bbox 2261 4027 2361 4093; x_wconf 93' lang='lat' dir='ltr'>IV</span> <span class='ocrx_word' id='word_1_266' title='bbox 2401 4030 2503 4113; x_wconf 88' lang='lat'>21,</span> 
     </span>
    </p>
   </div>
   <div class='ocr_carea' id='block_1_6' title="bbox 322 4128 2504 4437">
    <p class='ocr_par' dir='ltr' id='par_1_7' title="bbox 322 4128 2504 4437">
     <span class='ocr_line' id='line_1_34' title="bbox 322 4128 2504 4221; baseline 0.004 -29"><span class='ocrx_word' id='word_1_267' title='bbox 322 4128 383 4192; x_wconf 94' lang='lat'>2.</span> <span class='ocrx_word' id='word_1_268' title='bbox 429 4128 486 4193; x_wconf 93' lang='lat'>8.</span> <span class='ocrx_word' id='word_1_269' title='bbox 551 4128 614 4193; x_wconf 90' lang='lat' dir='ltr'><strong>V</strong></span> <span class='ocrx_word' id='word_1_270' title='bbox 664 4130 757 4213; x_wconf 89' lang='lat'>11,</span> <span class='ocrx_word' id='word_1_271' title='bbox 798 4131 857 4194; x_wconf 89' lang='lat'>4.</span> <span class='ocrx_word' id='word_1_272' title='bbox 929 4130 1030 4213; x_wconf 88' lang='lat'>22,</span> <span class='ocrx_word' id='word_1_273' title='bbox 1077 4133 1130 4195; x_wconf 92' lang='lat'>1.</span> <span class='ocrx_word' id='word_1_274' title='bbox 1176 4133 1236 4196; x_wconf 95' lang='lat'>5.</span> <span class='ocrx_word' id='word_1_275' title='bbox 1297 4133 1398 4217; x_wconf 87' lang='lat'>34,</span> <span class='ocrx_word' id='word_1_276' title='bbox 1442 4134 1500 4198; x_wconf 87' lang='lat'>3.</span> <span class='ocrx_word' id='word_1_277' title='bbox 1562 4134 1759 4217; x_wconf 92' lang='lat'>37,1.</span> <span class='ocrx_word' id='word_1_278' title='bbox 1818 4134 1919 4219; x_wconf 90' lang='lat'>58,</span> <span class='ocrx_word' id='word_1_279' title='bbox 1961 4137 2003 4198; x_wconf 90' lang='lat'>4</span> <span class='ocrx_word' id='word_1_280' title='bbox 2046 4135 2156 4220; x_wconf 69' lang='grc'><strong>(7).</strong></span> <span class='ocrx_word' id='word_1_281' title='bbox 2229 4136 2415 4221; x_wconf 86' lang='lat' dir='ltr'>V15,</span> <span class='ocrx_word' id='word_1_282' title='bbox 2446 4137 2504 4201; x_wconf 88' lang='lat'>2.</span> 
     </span>
     <span class='ocr_line' id='line_1_35' title="bbox 326 4235 2503 4328; baseline 0.005 -29"><span class='ocrx_word' id='word_1_283' title='bbox 326 4235 382 4318; x_wconf 92' lang='lat'>7,</span> <span class='ocrx_word' id='word_1_284' title='bbox 425 4235 482 4300; x_wconf 93' lang='lat'>8.</span> <span class='ocrx_word' id='word_1_285' title='bbox 553 4237 646 4321; x_wconf 91' lang='lat'>10,</span> <span class='ocrx_word' id='word_1_286' title='bbox 690 4237 748 4300; x_wconf 93' lang='lat'>2.</span> <span class='ocrx_word' id='word_1_287' title='bbox 792 4237 849 4300; x_wconf 87' lang='lat'>3.</span> <span class='ocrx_word' id='word_1_288' title='bbox 918 4237 1052 4302; x_wconf 82' lang='lat' dir='ltr'>vn</span> <span class='ocrx_word' id='word_1_289' title='bbox 1100 4241 1151 4322; x_wconf 94' lang='lat'>1,</span> <span class='ocrx_word' id='word_1_290' title='bbox 1195 4239 1252 4303; x_wconf 89' lang='lat'>5.</span> <span class='ocrx_word' id='word_1_291' title='bbox 1312 4240 1370 4322; x_wconf 90' lang='lat'>8,</span> <span class='ocrx_word' id='word_1_292' title='bbox 1416 4241 1472 4305; x_wconf 90' lang='lat'>3.</span> <span class='ocrx_word' id='word_1_293' title='bbox 1533 4241 1637 4325; x_wconf 90' lang='lat'>21,</span> <span class='ocrx_word' id='word_1_294' title='bbox 1680 4242 1738 4306; x_wconf 92' lang='lat'>2.</span> <span class='ocrx_word' id='word_1_295' title='bbox 1798 4244 1897 4326; x_wconf 87' lang='lat'>31,</span> <span class='ocrx_word' id='word_1_296' title='bbox 1940 4243 1999 4307; x_wconf 91' lang='lat'>4.</span> <span class='ocrx_word' id='word_1_297' title='bbox 2055 4244 2156 4328; x_wconf 89' lang='lat'>40,</span> <span class='ocrx_word' id='word_1_298' title='bbox 2198 4245 2258 4308; x_wconf 96' lang='lat'>4.</span> <span class='ocrx_word' id='word_1_299' title='bbox 2302 4245 2400 4327; x_wconf 92' lang='lat'>42,</span> <span class='ocrx_word' id='word_1_300' title='bbox 2444 4247 2503 4309; x_wconf 91' lang='lat'>4.</span> 
     </span>
     <span class='ocr_line' id='line_1_36' title="bbox 324 4341 2503 4437; baseline 0.006 -32"><span class='ocrx_word' id='word_1_301' title='bbox 324 4341 422 4426; x_wconf 93' lang='lat'>78,</span> <span class='ocrx_word' id='word_1_302' title='bbox 469 4343 524 4406; x_wconf 93' lang='lat'>1.</span> <span class='ocrx_word' id='word_1_303' title='bbox 610 4342 669 4408; x_wconf 85' lang='lat' dir='ltr'>b.</span> <span class='ocrx_word' id='word_1_304' title='bbox 718 4368 768 4407; x_wconf 68' lang='grc' dir='ltr'>ο.</span> <span class='ocrx_word' id='word_1_305' title='bbox 828 4343 863 4408; x_wconf 90' lang='lat'>1</span> <span class='ocrx_word' id='word_1_306' title='bbox 917 4345 1017 4431; x_wconf 89' lang='lat'>30,</span> <span class='ocrx_word' id='word_1_307' title='bbox 1053 4347 1118 4410; x_wconf 82' lang='grc'>,1.</span> <span class='ocrx_word' id='word_1_308' title='bbox 1205 4345 1306 4432; x_wconf 83' lang='grc'><strong>82,</strong></span> <span class='ocrx_word' id='word_1_309' title='bbox 1354 4350 1408 4413; x_wconf 91' lang='lat'>7.</span> <span class='ocrx_word' id='word_1_310' title='bbox 1491 4347 1593 4434; x_wconf 87' lang='lat'>54,</span> <span class='ocrx_word' id='word_1_311' title='bbox 1643 4352 1695 4412; x_wconf 92' lang='lat'>1.</span> <span class='ocrx_word' id='word_1_312' title='bbox 1792 4349 1887 4431; x_wconf 84' lang='lat'>76,</span> <span class='ocrx_word' id='word_1_313' title='bbox 1932 4350 1991 4435; x_wconf 88' lang='lat'>2,</span> <span class='ocrx_word' id='word_1_314' title='bbox 2032 4351 2092 4413; x_wconf 91' lang='lat'>4.</span> <span class='ocrx_word' id='word_1_315' title='bbox 2189 4350 2260 4415; x_wconf 90' lang='lat'>11</span> <span class='ocrx_word' id='word_1_316' title='bbox 2299 4352 2401 4437; x_wconf 91' lang='lat'>40,</span> <span class='ocrx_word' id='word_1_317' title='bbox 2443 4353 2503 4417; x_wconf 97' lang='lat'>2.</span> 
     </span>
    </p>
   </div>
   <div class='ocr_carea' id='block_1_7' title="bbox 2714 4734 3078 5094">
    <p class='ocr_par' dir='ltr' id='par_1_8' title="bbox 2714 4734 3078 5094">
     <span class='ocr_line' id='line_1_37' title="bbox 2714 4734 3078 5094; baseline 0 94"><span class='ocrx_word' id='word_1_318' title='bbox 2714 4734 3078 5094; x_wconf 95' lang='lat' dir='ltr'> </span> 
     </span>
    </p>
   </div>
  </div>
 </body>
</html>
