3181 5188
1402 590 1484 654 35

348 787 548 852 futuri
590 789 896 872 temporis
938 798 1037 853 est
1080 810 1353 873 quocum
1411 789 1576 853 actio
1639 789 2017 854 secundaria
2076 791 2201 853 nisi
2242 790 2566 856 absolute-

347 916 481 961 non
525 895 826 979 coniungi
868 905 1099 981 potest.
1180 895 1554 982 praevaleat
1599 905 1697 961 est
1738 898 1936 981 igitur
1962 899 2129 962 actio
2158 898 2536 964 secundaria

345 1003 597 1068 ratione
652 1011 1013 1087 temporum
1054 1001 1349 1068 absoluta
1396 1026 1540 1069 cum
1583 1005 1837 1069 actione
1879 1006 2183 1090 primaria
2226 1008 2344 1070 erit
2387 1029 2533 1070 con·

346 1112 587 1176 iuncta.
673 1109 881 1176 Simili
936 1112 1185 1176 ratione
1241 1111 1687 1236 explicandum
1744 1122 1914 1177 esset
1929 1163 1947 1196 ‚
2022 1115 2077 1177 si
2138 1114 2536 1198 legeremus,

347 1233 522 1285 tuum
563 1218 683 1283 erit
727 1217 1173 1299 demonstrare,
1217 1220 1358 1305 quis
1399 1220 1512 1285 hoc
1548 1220 1793 1305 fecerit.

515 1325 854 1410 Propriam
896 1347 1077 1391 suam
1120 1327 1537 1412 temporalem
1578 1329 1712 1391 vim
1768 1327 2118 1393 infinitivus
2183 1332 2536 1415 praesentis

349 1459 607 1502 servare
645 1454 777 1499 non
818 1443 1031 1519 potest
1049 1485 1067 1518 ‚
1126 1436 1251 1498 nisi
1302 1456 1536 1519 regens
1596 1456 1849 1521 quoque
1909 1435 2176 1501 verbum
2231 1439 2535 1523 temporis

349 1554 451 1610 est
506 1545 878 1631 praesentis.
986 1542 1232 1607 Tamen
1296 1544 1491 1607 etiam
1556 1545 1625 1606 in
1686 1543 1799 1607 tali
1869 1552 2227 1629 temporum
2288 1547 2538 1611 ratione

349 1653 763 1739 explicandus
825 1660 923 1715 est
985 1650 1254 1736 perfecti
1297 1651 1739 1715 coniunctivus
1802 1652 1868 1714 in
1928 1653 2255 1716 enuntiato
2316 1676 2535 1718 secun-
2619 1636 2625 1645 ’

355 1760 538 1825 dario
580 1762 832 1825 ratione
874 1769 1231 1843 temporum
1274 1757 1581 1823 absoluta.

513 1868 878 1933 Infinitivus
950 1866 1217 1951 perfecti
1279 1864 1449 1951 apud
1524 1867 1798 1950 optimos
1870 1868 2214 1953 scriptores
2285 1890 2537 1956 semper

351 1977 678 2062 propriam
731 1997 912 2039 suam
964 1975 1293 2039 notionem
1334 1959 1639 2059 temporis
1682 1976 2010 2060 praeteriti
2053 1979 2352 2062 servavit,
2411 1999 2538 2064 qua

351 2083 431 2148 de
473 2105 663 2147 causa
703 2082 945 2147 factum
987 2092 1086 2146 est
1126 2092 1198 2147 ut
1241 2083 1308 2145 in
1351 2083 1696 2146 enuntiatis
1758 2082 2147 2147 secundariis
2205 2107 2284 2149 ex
2327 2085 2534 2151 infini-

349 2192 484 2256 tivo
525 2190 810 2280 perfecto
855 2189 1282 2276 pendentibus
1326 2191 1381 2254 si
1422 2191 1672 2255 ratione
1701 2200 2061 2276 temporum
2087 2194 2357 2257 relativa
2393 2216 2537 2258 cum

353 2298 669 2363 infinitivo
702 2300 1040 2363 coniuncta
1069 2308 1236 2381 sunt,
1283 2299 1761 2363 coniunctivum
1788 2298 2136 2364 habeamus
2179 2301 2537 2386 imperfecti

352 2414 416 2470 et
475 2405 1085 2492 plusquamperfecti
1099 2456 1118 2490 ‚
1186 2407 1435 2470 etiamsi
1501 2407 1670 2470 actio
1739 2407 2041 2492 primaria
2097 2429 2397 2492 praesens
2452 2410 2537 2475 sit

352 2512 432 2578 cf.
478 2514 532 2578 si
573 2514 846 2598 legimus
884 2512 1176 2600 pulcrum
1223 2526 1312 2577 est
1354 2513 1659 2600 effecisse,
1714 2527 1782 2578 ut
1822 2515 1973 2579 haec
2019 2515 2120 2579 lem
2161 2530 2535 2581 servaretur.

349 2630 567 2687 tamen
611 2622 805 2686 etiam
862 2622 1112 2689 ratione
1168 2629 1526 2706 temporum
1581 2621 1874 2686 absoluta
1930 2622 2097 2687 hanc
2152 2626 2538 2691 sententiam

352 2730 709 2814 exprimere
750 2737 964 2814 potest
1005 2729 1278 2814 scriptor
1320 2730 1374 2792 si
1416 2728 1570 2793 dicit
1615 2729 1920 2815 pulcrum
1979 2743 2067 2844 est
2108 2731 2412 2817 effecisse,
2470 2747 2538 2798 ut

349 2837 501 2902 haec
544 2836 648 2901 Zeoe
688 2840 772 2901 sit
810 2850 1065 2903 servata
1105 2845 1217 2901 aut
1257 2837 1444 2901 salva
1485 2838 1586 2901 sit.

514 2943 586 3011 Si
630 2946 961 3011 enuntiata
1005 2944 1382 3010 secundaria
1425 2966 1504 3008 ex
1545 2946 1896 3031 participiis
1949 2945 2234 3030 pendent
2284 2970 2389 3012 res
2447 2949 2539 3012 sic

352 3074 422 3116 se
462 3051 676 3117 habet.
764 3052 1112 3139 Participia
1166 3053 1491 3138 propriam
1553 3053 1875 3138 quandam
1917 3055 2049 3117 vim
2089 3056 2544 3141 notionemque

356 3159 667 3224 exhibent
693 3159 1129 3247 temporalem,
1169 3182 1332 3244 quae
1361 3161 1416 3224 si
1445 3183 1526 3225 ex
1554 3160 1948 3247 temporibus
1981 3163 2293 3227 enuntiati
2320 3185 2541 3228 secun-

352 3268 515 3333 darii
557 3289 690 3333 non
732 3267 1049 3350 elucescit,
1093 3269 1494 3351 agnoscimus
1536 3279 1649 3334 aut
1689 3270 2004 3334 rationem
2033 3280 2394 3357 temporum
2430 3271 2541 3336 ab·

356 3376 631 3441 solutam
674 3377 841 3441 inter
878 3376 1197 3441 actionem
1241 3376 1682 3441 secundariam
1724 3386 1789 3441 et
1832 3398 1991 3460 eam,
2036 3400 2200 3464 quae
2242 3400 2546 3464 expressa

353 3494 450 3550 est
505 3484 861 3569 participiO,
925 3493 1037 3547 aut
1089 3484 1497 3569 participium
1553 3483 1855 3549 adiectivi
1910 3486 2113 3550 instar
2169 3496 2543 3572 usurpatum

353 3601 470 3677 est,
514 3592 625 3677 ita,
668 3599 740 3655 ut
782 3592 1042 3676 propria
1083 3592 1261 3656 notio
1305 3592 1675 3676 temporalis
1719 3594 2069 3658 evanuerit.

514 3722 669 3788 VII.
740 3723 834 3787 At
888 3726 1272 3809 quaesiverit
1315 3726 1633 3810 quispiam
1694 3728 2013 3809 quomodo
2070 3726 2416 3792 artificiosa
2462 3726 2544 3791 de

354 3833 803 3897 consecutione
845 3841 1204 3916 temporum
1264 3834 1448 3916 ratio,
1514 3833 1768 3919 qualem
1811 3836 2169 3899 invenimus
2232 3836 2299 3899 in
2361 3834 2542 3899 libris

351 3940 807 4024 grammaticis,
851 3941 1003 4003 oriri
1044 3942 1271 4024 potuit.
1357 3940 1437 4004 In
1481 3943 1828 4006 enuntiatis
1869 3942 2185 4027 finalibus,
2244 3964 2541 4007 consecu-

350 4049 520 4127 tivis,
565 4048 1070 4131 interrogatione
1112 4047 1442 4131 indirecta,
1509 4050 1659 4134 quia
1712 4050 2039 4135 praevalet
2091 4052 2254 4115 ratio
2299 4060 2542 4135 tempo-

350 4177 494 4219 rum
536 4156 824 4239 relativa,
868 4156 1276 4219 severitatem
1304 4155 1626 4239 quandam
1656 4157 2067 4222 observamus
2097 4158 2164 4220 in
2202 4157 2541 4241 deligendo

353 4272 647 4349 tempore
691 4263 1004 4327 enuntiati
1046 4261 1421 4348 secundarii,
1458 4265 1711 4348 qualem
1744 4266 1809 4328 in
1840 4266 2061 4349 lingua
2093 4286 2342 4349 graeca,
2379 4288 2544 4351 quae

2075 4392 2142 4445 δῖε
