3181 5188
1388 544 1424 608 7

475 745 665 811 Certe
707 745 820 811 tali
862 744 1320 809 adiectivorum
1373 768 1490 808 usu
1545 744 1842 808 liberiore
1905 744 2260 808 sententiae
2313 744 2481 827 cogi-

300 855 708 938 tationesque
752 874 914 937 quae
959 853 1303 916 enuntiatis
1366 852 1755 916 secundariis
1815 853 2083 937 exprimi
2140 860 2485 935 potuerunt

301 963 748 1051 exprimuntur
818 985 857 1025 a
926 961 1341 1046 scriptoribus
1425 960 1706 1025 breviter
1808 959 2107 1046 loquendi
2211 956 2486 1042 quadam

299 1069 572 1133 ratione.
676 1069 953 1148 Quinam
1017 1078 1230 1133 autem
1284 1068 1469 1132 huius
1530 1091 1681 1133 usus
1740 1068 1899 1132 fines
1958 1069 2115 1150 sint,
2173 1089 2485 1153 quaenam

302 1178 437 1240 sint
477 1177 758 1240 rationes
802 1175 1148 1239 diiudicare
1176 1197 1307 1239 non
1334 1198 1690 1261 possumuS‚
1735 1177 1857 1239 nisi
1901 1177 2074 1262 prius
2119 1174 2286 1260 apud
2330 1175 2485 1238 alios

303 1306 560 1370 quoque
605 1285 945 1368 scriptores
989 1282 1447 1347 adiectivorum
1479 1305 1659 1347 usum
1692 1284 2282 1348 examinaverimus,
2340 1282 2486 1345 Hoc

301 1403 519 1457 tamen
563 1401 844 1456 statuere
873 1414 1206 1477 possumus
1237 1391 1407 1477 apud
1445 1391 1787 1457 Caesarem
1815 1392 2055 1455 nullum
2098 1391 2232 1455 fere
2277 1391 2484 1454 locum

302 1501 595 1581 inveniri,
660 1522 849 1586 quem
893 1499 975 1564 ad
1018 1499 1460 1564 illustrandam
1504 1499 1670 1563 hanc
1713 1499 1922 1563 Taciti
1968 1498 2484 1562 consuetudinem

301 1610 619 1694 possimus
664 1607 935 1682 adferre,
1000 1606 1166 1693 apud
1227 1606 1601 1673 Sallustium
1643 1628 1796 1670 vero
1839 1628 2042 1690 pauca
2084 1616 2334 1670 tantum
2377 1628 2483 1669 ex-

303 1726 478 1781 stare
521 1718 829 1801 exempla.

473 1823 661 1902 Quod
685 1824 854 1909 apud
884 1811 1105 1908 poetas
1127 1824 1328 1887 multa
1356 1822 1539 1886 huius
1569 1845 1721 1886 usus
1754 1824 2049 1907 exempla
2075 1823 2486 1885 inveniuntur

303 1931 426 1995 hoc
472 1954 600 1995 non
644 1931 800 1996 nihil
844 1931 924 1995 ad
969 1930 1368 2016 probandam
1412 1953 1620 1995 meam
1649 1932 2031 1995 sententiam
2059 1930 2248 2012 valet,
2281 1939 2485 1993 totam

300 2061 438 2104 rem
482 2038 924 2124 explicandam
967 2062 1106 2104 esse
1160 2062 1240 2104 ex
1283 2038 1492 2103 studio
1556 2039 1911 2121 brevitatiS‚
1975 2060 2123 2101 nam
2168 2038 2359 2101 etiam
2402 2036 2484 2101 ad

304 2149 656 2212 carminum
722 2149 1144 2212 elocutionem
1200 2148 1502 2211 artificosi
1561 2148 2038 2211 enuntiatorum
2105 2145 2291 2209 orbes
2355 2167 2484 2208 non

305 2255 641 2342 quadrant.

468 2397 617 2461 VH.
674 2399 1059 2483 Saepissime
1109 2406 1442 2482 praeterea
1484 2399 1926 2482 exprimuntur
1968 2418 2008 2460 a
2050 2395 2484 2480 scriptoribuS‚

303 2505 704 2589 maximeque
774 2527 813 2568 a
885 2504 1110 2568 Tacito
1188 2505 1541 2567 sententiae
1619 2504 2184 2587 cogitationesque,
2256 2501 2485 2586 quibus

304 2614 633 2678 enuntiata
676 2611 1052 2676 secundaria
1095 2612 1396 2695 compleri
1439 2621 1785 2695 potuerunt
1830 2610 2079 2674 casibus
2140 2610 2483 2674 substanti-

301 2743 526 2785 vorum
599 2730 710 2784 aut
772 2720 1188 2784 substantivis
1273 2741 1415 2783 cum
1490 2718 2065 2804 praepositionibus
2130 2719 2484 2781 coniunctis

303 2830 382 2893 cf.
428 2829 572 2893 dial.
621 2829 653 2891 1
716 2830 957 2891 iuvenis
1015 2856 1092 2881 =
1152 2849 1293 2890 cum
1351 2828 1598 2891 iuvenis
1658 2849 1895 2909 essem3
1958 2827 1991 2888 7
2054 2827 2228 2889 homo
2290 2850 2486 2889 novus

303 2968 375 2992 =
428 2957 813 3023 quamquam
854 2936 916 2999 h.
961 2958 1021 2999 n.
1068 2956 1273 3017 eram3
1332 2935 1413 2998 32
1469 2957 1646 3020 quae,
1701 2934 1850 2997 olim
1909 2934 2141 2998 artium
2208 2933 2485 3012 domina,

301 3045 598 3131 implebat
656 3072 736 3097 =
794 3065 933 3107 cum
998 3080 1086 3112 7—-
1141 3052 1326 3106 esset.
1434 3043 1582 3106 Huc
1638 3042 2010 3107 referendus
2074 3052 2172 3106 est
2229 3042 2489 3106 liberior

303 3176 453 3217 usus
497 3152 622 3217 abl.
669 3173 899 3215 causae
943 3162 1006 3216 et
1048 3151 1171 3215 abl.
1216 3150 1408 3235 modi,
1476 3149 1586 3215 sed
1633 3152 1699 3213 in
1743 3151 1863 3215 hac
1909 3173 2161 3235 quoque
2203 3172 2273 3213 re
2334 3149 2486 3236 quid

303 3261 528 3325 Tacito
573 3262 656 3324 sit
697 3261 1026 3345 proprium
1071 3258 1401 3323 diiudicari
1447 3260 1689 3343 nequit,
1735 3260 1859 3322 nisi
1911 3260 2084 3344 prius
2120 3260 2487 3322 examinata

307 3371 423 3434 erit
463 3370 730 3434 aliorum
774 3390 1027 3453 quoque
1070 3370 1451 3452 scriptorum
1494 3366 1904 3431 consuetudo

467 3768 649 3832 Haec
694 3767 772 3831 de
818 3767 1047 3850 quibus
1091 3789 1284 3852 supra
1328 3766 1462 3830 dixi
1504 3765 2050 3849 breviloquentiae
2081 3765 2359 3827 rationes
2394 3763 2486 3825 in-

318 3878 656 3941 veniuntur
718 3876 1084 3959 saepissime
1136 3876 1510 3938 coniunctae
1569 3883 1633 3937 et
1690 3875 1855 3936 inter
1895 3894 1963 3936 se
2008 3881 2071 3936 et
2109 3890 2252 3935 cum
2296 3892 2489 3934 enun-

307 3985 474 4048 tiatis
534 3982 942 4047 secundariis.
1045 3981 1124 4045 In
1190 3982 1528 4065 dialogo
1593 3983 1660 4044 in
1722 4002 1846 4065 quo
1911 3980 2174 4044 Tacitus
2236 3978 2486 4044 Cicero-

307 4113 451 4155 nem
477 4100 731 4155 secutus
757 4092 947 4155 etiam
977 4091 1185 4174 magis
1218 4090 1633 4153 concinnitati
1662 4088 1894 4170 studet,
1922 4110 2112 4174 quam
2142 4085 2487 4151 variandae

310 4200 644 4263 elocutioni
687 4198 857 4262 hunc
903 4220 1084 4263 usum
1125 4197 1408 4262 nondum
1450 4197 1828 4262 invenimus.
