3181 5188
1370 586 1452 649 23

200 858 206 862 ⁴
309 797 552 870 turpem
596 808 853 848 causam
883 783 1218 865 videretur,
1250 783 1438 870 leyem
1461 783 1912 870 promulyavit,
1946 796 2015 848 ut
2042 820 2125 830 —-
2151 784 2496 849 solvantur.

309 891 621 956 Videmus
684 914 983 976 praesens
1047 894 1357 956 enuntiati
1423 893 1781 957 secundarii
1847 892 2295 975 explicandum
2357 914 2499 958 esse

310 1003 572 1085 propria
613 1001 888 1087 quadam
929 1001 1197 1065 actionis
1244 999 1660 1064 secundariae
1689 1010 1921 1063 natura
1950 1001 2305 1084 temporali,
2349 1022 2499 1064 nam

311 1131 395 1172 ex
459 1109 683 1173 eodem
746 1108 941 1172 verbo
1003 1109 1257 1192 regenti
1332 1106 1569 1192 pendet
1642 1108 1835 1171 etiam
1896 1108 2294 1172 enuntiatum
2357 1129 2500 1172 cum

315 1216 721 1279 coniunctivo
765 1216 1142 1302 imperfecti.

478 1323 583 1387 Ex
626 1323 926 1389 Sallustio
969 1323 1093 1387 huc
1133 1321 1538 1388 referendum
1582 1330 1711 1387 est:
1778 1321 1826 1388 J
1828 1344 1935 1406 ug.
1978 1323 2062 1386 24
2117 1323 2373 1407 invasit,
2433 1334 2501 1387 ut

312 1431 555 1495 habeat.
644 1453 733 1496 or.
778 1431 1007 1516 Lepidi
1051 1435 1091 1514 ξ
1132 1431 1191 1496 8.
1279 1453 1369 1496 or.
1414 1430 1696 1515 Philippi
1738 1431 1779 1510 ἓ
1824 1430 1922 1495 19.

477 1540 705 1604 Restat
744 1562 915 1604 nunc
956 1548 1028 1604 ut
1070 1539 1376 1604 nonnulla
1418 1537 1627 1603 dicam
1669 1537 1750 1602 de
1778 1538 2081 1623 perfectis
2111 1539 2498 1623 compositis.

313 1645 388 1713 Si
428 1647 599 1731 a'pud
640 1646 912 1710 eundem
956 1648 1331 1731 scriptorem
1373 1646 1645 1729 legimus
1689 1658 2067 1730 compertum
2108 1659 2196 1710 est
2238 1657 2302 1710 et
2341 1671 2499 1711 com-

306 1768 555 1840 pertum
614 1755 805 1818 habeo
874 1753 1028 1818 illud
1099 1767 1476 1839 compertum
1549 1766 1639 1817 est
1708 1774 1910 1838 prope
1985 1752 2066 1817 ad
2146 1755 2502 1838 praesentis

312 1863 642 1926 notionem
695 1860 972 1943 accedit,
1038 1860 1223 1925 huius
1289 1870 1505 1925 autem
1565 1861 1662 1926 rei
1724 1883 1983 1925 causam
2049 1883 2179 1925 non
2242 1872 2375 1925 tam
2433 1863 2501 1925 in

315 1969 623 2052 singulari
666 1968 941 2053 quadam
985 1979 1048 2033 et
1103 1969 1365 2054 propria
1417 1968 1687 2054 perfecti
1745 1978 1977 2039 natura
2031 1971 2305 2054 positam
2361 1992 2503 2035 esse

316 2085 505 2162 puto,
572 2098 764 2161 quam
838 2078 905 2140 in
969 2076 1302 2161 participio
1319 2125 1337 2158 ,
1390 2077 1578 2159 cuius
1653 2077 1847 2140 insita
1907 2076 2287 2159 significatio
2345 2088 2501 2143 tem-

314 2186 488 2270 poris
545 2185 802 2249 evanuit
862 2183 1161 2269 quodque
1216 2183 1518 2248 adiectivi
1571 2184 1709 2248 fere
1766 2184 1898 2249 vim
1957 2184 2169 2251 habet.
2254 2185 2502 2251 Tamen

316 2293 671 2357 cavendum
713 2303 810 2357 est
852 2315 932 2357 ne
975 2291 1098 2356 hac
1141 2291 1502 2377 explicandi
1556 2294 1807 2358 ratione
1864 2294 1955 2357 ita
2012 2293 2368 2376 abutamur,
2428 2305 2502 2360 ut

314 2403 509 2466 nimio
582 2402 793 2466 omnia
864 2401 1180 2487 aequandi
1259 2401 1469 2466 studio
1550 2401 1977 2487 pulcherrima
2055 2402 2165 2466 illa
2243 2401 2503 2485 linguae

315 2511 383 2573 in
440 2511 687 2574 ratione
744 2510 1081 2596 temporali
1135 2510 1554 2597 exprimenda
1609 2511 1887 2574 varietas
1945 2509 2229 2576 deleatur
2242 2559 2260 2592 ‚
2329 2508 2501 2596 quod

315 2620 392 2683 E.
436 2618 789 2683 Hoffmann
833 2619 1061 2704 fecisse
1102 2617 1376 2702 videtur,
1443 2620 1544 2683 cui
1586 2618 1668 2683 ad
1713 2617 2051 2684 solvendas
2096 2617 2501 2683 difficultates

316 2728 767 2811 grammaticas
811 2748 942 2791 non
985 2728 1188 2791 solum
1216 2727 1572 2812 perfectum
1601 2726 2029 2790 necessarium
2058 2735 2194 2790 erat
2222 2726 2503 2810 logicum

322 2833 437 2899 sed
480 2837 673 2899 etiam
715 2835 1427 2921 plusquamperfectum.
1513 2832 1667 2897 dicit
1732 2834 1903 2898 enim
1944 2833 2251 2918 Zeitpart.
2295 2855 2357 2919 p.
2407 2836 2499 2899 15.

319 2943 524 3006 Gc’isar
562 2981 645 2989 -—
687 2943 858 3007 nicht
897 2967 967 3007 so
1011 2943 1170 3007 auch
1215 2941 1459 3007 Sallust
1519 2940 1656 3005 und
1696 2940 1926 3005 Livius
1979 2942 2091 3005 hat
2145 2942 2214 3006 in
2256 2940 2502 3005 salchem

316 3049 543 3114 Fc’illen
587 3050 671 3134 (si
712 3052 913 3115 utitur
955 3049 1577 3136 plusquamperfecto
1620 3048 1863 3132 logico)
1931 3061 2071 3112 erat
2109 3048 2211 3112 als
2258 3048 2501 3134 Copula

314 3158 493 3221 meist
534 3156 670 3221 dem
713 3157 1004 3243 Particip
1045 3155 1502 3245 voranyestellt.
1607 3157 1733 3220 Die
1787 3155 2176 3242 umyekehrte
2217 3154 2500 3240 Stellunq

312 3265 510 3347 findet
547 3266 680 3330 sich
724 3290 893 3330 zwar
935 3266 1113 3349 auch,
1158 3265 1314 3330 cloch
1357 3263 1589 3348 dicrfte
1622 3265 1754 3329 sich
1797 3264 2154 3328 schwerlioh
2196 3263 2298 3328 ein
2344 3262 2500 3327 Fall

311 3372 547 3456 finden,
607 3397 700 3437 wo
759 3374 861 3437 bei
907 3373 1307 3437 (coristi-acher
1362 3372 1577 3438 Natm·
1656 3370 1777 3435 clas
1842 3371 2302 3454 Hills-§verbnm
2360 3370 2499 3435 dem

316 3480 604 3566 Particip
650 3479 1088 3565 voranqestellt
1127 3479 1314 3544 wird.
1399 3479 1590 3544 Hanc
1633 3478 2145 3543 observationem
2184 3488 2497 3564 quatenus

314 3600 492 3655 recta
533 3599 630 3654 est
671 3598 737 3654 et
777 3611 933 3653 vera
971 3591 1063 3653 ita
1105 3608 1248 3651 cum
1292 3596 1517 3652 nostra
1555 3587 1874 3650 sententia
1916 3587 2305 3670 coniungere
2352 3609 2495 3672 pos-

315 3695 547 3781 sumus,
592 3709 663 3762 ut
706 3699 987 3762 dicamus
1030 3698 1230 3762 multo
1275 3697 1522 3760 facilius
1565 3695 1724 3777 fieri,
1767 3704 1843 3758 ut
1868 3695 2205 3780 participia
2235 3697 2302 3760 in
2336 3702 2493 3759 tem-

316 3806 575 3891 poribus
632 3806 996 3891 compositis
1052 3804 1134 3869 ad
1178 3813 1471 3868 naturam
1527 3803 1989 3867 adiectivorum
2042 3804 2376 3885 accedant,
2439 3804 2495 3865 si

317 3935 390 3977 eo
435 3909 606 3997 quOd
650 3914 877 3998 copula
932 3909 1254 3976 antecedit
1310 3910 1518 3974 forma
1577 3910 1885 3995 temporis
1926 3931 2057 3974 non
2098 3912 2189 3974 ita
2228 3932 2356 3974 una
2397 3920 2495 3974 est

318 4030 382 4087 et
423 4022 694 4106 integra,
741 4042 929 4108 quam
970 4022 1026 4085 si
1068 4021 1294 4105 copula
1334 4019 1743 4105 participium
1771 4020 2073 4103 sequitur,
2120 4018 2491 4102 praesertim

319 4129 395 4211 si.
449 4130 619 4213 quod
676 4152 865 4215 saepe
918 4129 1009 4212 fit,
1071 4129 1298 4213 copula
1350 4150 1392 4191 a
1432 4127 1769 4213 participio
1829 4150 1953 4191 uno
2013 4126 2116 4190 vel
2174 4124 2490 4189 nonnullis

319 4236 642 4301 vocabulis
685 4247 781 4301 est
824 4245 1181 4319 segregata.
