3181 5188
1389 545 1472 611 53

341 742 482 809 XI.
544 764 709 806 cum
771 743 1216 808 infinitivo
1273 744 1724 828 historico3
1800 726 1863 807 in
1940 754 2154 808 enunt.
2211 747 2509 829 primario

630 850 936 915 habemus
980 851 1708 936 plusquamperfectum:
1773 856 1840 936 γ)
1874 851 2015 937 Iug.
2062 853 2162 937 98,
2204 853 2262 916 2.

306 983 491 1049 XII.
553 985 1067 1048 enuntiatum
1147 983 1727 1047 secundarium
1802 983 2110 1069 pendet
2190 1006 2345 1048 non
2416 1008 2511 1049 ex

630 1093 818 1176 ipsa
860 1091 1193 1154 actione
1232 1092 1654 1174 primaria.

516 1220 571 1291 a.
634 1220 714 1262 ex
757 1197 1069 1262 infinitivo
1114 1201 1483 1284 praesentis,
1563 1198 1704 1263 Cat.
1742 1199 1817 1262 12
1860 1222 2082 1283 operae
2105 1202 2374 1283 pretinm
2405 1212 2511 1278 est,

637 1330 769 1368 ωιτη
815 1307 1192 1392 σορηουεντῖε,
1248 1307 1457 1370 visere.
1559 1305 1680 1389 51,·
1711 1307 1785 1370 19
1841 1329 2364 1391 supervacaneum
2427 1321 2514 1370 eet

632 1412 948 1493 disserere,
1020 1437 1158 1478 eum
1224 1415 1604 1500 praesertim
1672 1416 1814 1477 sim.
1920 1414 2002 1477 25
2064 1415 2179 1498 qui
2234 1415 2516 1478 convenit

639 1522 865 1601 timere,
932 1546 1067 1586 cum
1133 1522 1490 1610 meyleyerie.
1587 1523 1687 1605 58,
1748 1522 1825 1587 16
1902 1522 1970 1584 in
2028 1522 2192 1608 fuya
2256 1522 2515 1587 salutem

638 1630 910 1714 sperare,
956 1653 1113 1692 cum·
1136 1628 1505 1708 αᾱυονίεντὶς,
1553 1628 1862 1692 dementia
1905 1642 2007 1691 est.
2095 1651 2182 1693 or.
2229 1628 2390 1694 Phil.
2439 1629 2518 1693 14

625 1735 883 1820 plaeere
925 1737 1037 1815 ait,
1077 1736 1377 1815 rescindi,
1421 1760 1554 1801 ωιτη
1605 1749 1801 1822 coyat.

488 1850 573 1915 -b.
633 1875 714 1915 ex
769 1850 1081 1915 infinitivo
1139 1851 1425 1935 perfecti.
1531 1850 1673 1936 Iug.
1718 1852 1774 1933 9,
1823 1853 1867 1915 4
1929 1876 2066 1915 ωιτη
2124 1853 2512 1940 v’ntelleyerit,

637 1958 871 2023 dicitur
913 1959 1218 2041 habuiqse.

520 2091 571 2131 c.
638 2090 719 2132 ex
761 2067 1041 2132 ablativo
1086 2068 1396 2132 absoluto,
1482 2067 1625 2151 Iug.
1668 2069 1769 2152 40,
1798 2068 1840 2131 4
1882 2068 2133 2154 trepida
2165 2071 2510 2134 etiamtum

630 2176 900 2260 civitate,
943 2199 1080 2240 ωιτη
1122 2190 1467 2262 royaretur,
1513 2176 1816 2260 effecerat.
1900 2175 2001 2260 62,
2031 2176 2069 2239 9
2115 2175 2331 2241 diebus
2373 2201 2513 2242 eon-

635 2284 916 2368 eumptzk,
963 2307 1099 2347 ωιτη
1145 2284 1408 2362 duceret,
1452 2297 1789 2370 reputaret,
1834 2285 2037 2347 sumit.
2126 2306 2215 2347 or.
2248 2283 2405 2370 Lep.
2435 2285 2517 2349 23

516 2446 521 2451 .
632 2404 1076 2477 extorquerent,
1140 2392 1386 2481 eqreyz‘a
1441 2391 1678 2455 scilicet
1733 2390 2024 2471 mercede,
2082 2416 2220 2456 ωιτη
2278 2392 2512 2456 intelle·

629 2500 852 2586 yerint.
970 2510 978 2516 '

517 2607 575 2686 d,
636 2631 714 2672 ex
774 2608 1108 2693 participio
1165 2608 1520 2671 coniuncto.
1623 2605 1765 2691 Iug.
1810 2607 1910 2690 58,
1956 2608 1994 2671 6
2066 2621 2135 2672 αι
2208 2608 2516 2694 Inqurtha

631 2714 987 2801 impeditus,
1034 2739 1169 2778 ωιτη
1203 2717 1684 2802 praecipitaret,
1732 2717 2051 2802 officerent,
2096 2739 2158 2778 se
2201 2716 2447 2801 recepit.

475 2895 478 2898 ,
517 2848 567 2889 e.
635 2846 714 2889 ex
758 2823 1091 2887 adiectiVO.
1178 2846 1265 2888 or.
1312 2824 1540 2910 Lepidi
1581 2826 1621 2889 6
1664 2838 2032 2910 sumpserat,
2076 2826 2365 2904 satiatae,
2407 2824 2519 2889 sed

634 2946 756 2996 tam
803 2930 1139 3011 crudelior,
1183 2955 1319 3006 ωιτη
1362 2945 1631 2998 vortunt.

499 3063 623 3128 His
664 3063 823 3128 haec
865 3064 1160 3128 addenda
1201 3075 1351 3129 sunt
1394 3088 1409 3129 t

504 3173 569 3256 1)
633 3174 796 3237 ratio
862 3183 1222 3257 temporum
1280 3174 1346 3236 in
1405 3173 1569 3237 bello
1627 3171 2009 3256 Iugurthino
2074 3173 2280 3255 magis
2340 3172 2520 3234 varia

636 3290 761 3364 est,
820 3302 1011 3365 quam
1051 3281 1118 3343 in
1163 3279 1439 3345 Catilina
1482 3280 1561 3343 cf.
1610 3303 1708 3344 ex.
1754 3303 1848 3364 gr.
1897 3280 2280 3344 infinitivum
2321 3279 2516 3343 histo-

635 3390 836 3460 ricum
877 3389 942 3451 in
988 3390 1316 3452 enuntiato
1361 3388 1752 3452 secundario.
1836 3410 1971 3473 cap.
2017 3389 2116 3470 98,
2159 3389 2218 3452 2.

499 3498 568 3580 2)
634 3520 770 3560 ωιτη
813 3495 1137 3560 considero
1179 3497 1449 3579 legimus
1494 3495 1635 3561 Cat.
1683 3497 1782 3561 20.
1825 3497 1925 3560 52.
1971 3496 2069 3561 58.
2157 3518 2294 3559 ωιτη
2325 3517 2515 3580 prae-

633 3605 841 3668 sertim
887 3603 1028 3688 Iug.
1068 3605 1128 3668 2.
1157 3606 1214 3668 3.
1301 3628 1439 3667 eum
1478 3604 1729 3668 interim
1771 3603 1913 3687 Iug.
1954 3604 2049 3667 12.
2122 3603 2518 3666 enuntiatum

632 3711 1074 3776 secundarium
1116 3711 1470 3795 antecedit,
1527 3713 1753 3796 incipit
1811 3721 2025 3775 autem
2081 3733 2211 3774 non
2253 3708 2335 3773 ab
2378 3710 2520 3794 ipsa

634 3820 946 3905 particula
987 3843 1123 3884 ωιτη
1169 3818 1310 3883 Cat.
1353 3819 1452 3884 23.
1497 3820 1596 3884 29.
1646 3819 1745 3883 35.
1789 3819 1890 3884 36.
1973 3818 2115 3902 Iug.
2165 3818 2260 3881 14.
2290 3817 2371 3881 93
2399 3815 2516 3880 bis.

634 3927 768 3991 miei
803 3951 940 3991 ωιτη
983 3928 1049 3990 in
1094 3929 1420 3991 enuntiato
1482 3936 1629 4013 post
1688 3928 2085 3991 enuntiatum
2148 3926 2516 4011 primarium

638 4036 845 4123 posito
917 4030 1224 4099 habemus
1290 4034 1433 4119 Iug.
1502 4035 1603 4099 44.
1727 4035 2082 4099 Enuntiata
2148 4032 2520 4097 secundaria

641 4142 868 4227 quibus
943 4142 1067 4206 duo
1140 4142 1427 4206 membra
1502 4151 1651 4206 sunt
1727 4143 2135 4207 inveniuntur
2197 4162 2340 4204 cum
2400 4163 2518 4213 usu

645 4249 1028 4334 anaphorico
1074 4250 1423 4334 particulae
1464 4274 1603 4314 ωιτη
1644 4252 1710 4313 in
1753 4249 2144 4314 orationibus
2189 4270 2351 4333 quae
2395 4247 2512 4313 Ca-
