3181 5188
1645 579 1729 643 44

596 775 749 840 VII.
808 777 960 842 duo
1003 787 1386 864 tempora
1427 782 1904 846 coniuncta
1945 790 2150 845 sunt
2210 782 2292 844 in
2335 784 2793 847 enuntiato

804 885 1330 951 secundarie.
2575 894 2583 904 '

759 1020 1112 1084 Hoffmann
1166 1020 1397 1085 adtulit
1458 1042 1606 1084 ann.
1651 1020 1723 1084 Π
1781 1021 1864 1085 82
1916 1034 2258 1107 postquam
2314 1022 2668 1107 percrebuit
2733 1035 2793 1085 et

598 1127 1073 1212 adferebantur,
1141 1129 1542 1213 erumpebant
1614 1143 1861 1213 questus
1927 1127 2204 1193 addendi
2269 1129 2336 1193 hi
2403 1139 2551 1194 sunt
2616 1130 2786 1193 loci:

598 1258 744 1299 ann.
790 1235 929 1300 ΧΠ
986 1236 1024 1299 6
1095 1249 1425 1322 postquam
1483 1236 1632 1300 baec
1692 1237 1981 1322 permisit
2035 1237 2357 1323 multaque
2420 1238 2790 1323 sequebatur

599 1366 653 1408 e.
700 1365 760 1428 q.
805 1367 850 1408 e.
947 1367 1094 1409 ann.
1153 1343 1329 1408 XIII
1381 1344 1463 1408 26
1535 1358 1870 1430 postquam
1942 1344 2331 1409 advenerant
2386 1369 2791 1432 puqnamque

590 1452 943 1536 poscebant,
1007 1451 1328 1534 funditur.
1436 1451 1545 1534 (cf.
1625 1453 1816 1517 etiam
1896 1453 2042 1518 hist.
2098 1452 2177 1518 Π
2251 1454 2347 1537 19,
2415 1454 2469 1517 1.
2556 1454 2654 1538 72,
2720 1456 2782 1520 9.

598 1562 751 1622 anni
785 1558 892 1622 ΙΠ
931 1559 1032 1642 55,
1076 1560 1167 1643 9.)

598 1707 784 1772 VIII.
835 1731 965 1772 non
1025 1730 1107 1772 ex
1168 1711 1308 1793 ipsa
1384 1710 1637 1773 actione
1709 1710 2011 1794 primaria
2082 1710 2317 1794 pendet
2386 1713 2786 1776 enuntiatum

835 1839 875 1881 a
915 1818 1227 1902 particula
1261 1831 1600 1903 postquam
1645 1818 1957 1902 incipiens
1990 1842 2005 1881 ε

893 1971 1040 2014 ann.
1087 1950 1217 2015 XV
1261 1952 1361 2033 45,
1408 1950 1487 2014 12
1543 1951 1873 2035 ferebatur
1918 1951 2149 2016 Seneca
2194 1952 2476 2017 oravisse
2518 1966 2575 2016 et
2612 1966 2782 2039 post·

866 2096 867 2099 =
973 2082 1161 2143 quam
1203 2082 1330 2123 non
1371 2058 1837 2139 concedebatur,
1882 2060 2075 2144 quasi
2113 2109 2126 2122 .
2155 2108 2168 2122 .
2200 2109 2213 2122 .
2263 2059 2614 2124 cubiculum
2657 2085 2785 2124 non

973 2188 1267 2253 eqressus.
1353 2166 1506 2231 ibid.
1549 2167 1650 2251 67,
1693 2167 1735 2230 4
1788 2190 1935 2230 mox
1990 2165 2321 2230 eorundem
2379 2166 2623 2232 indicio
2665 2168 2782 2233 Su-

987 2274 1160 2339 brius
1200 2275 1446 2338 Flavus
1488 2275 1777 2339 tribunus
1813 2277 2213 2360 pervertitur,
2254 2275 2464 2360 primo
2508 2277 2781 2356 trahens,

974 2382 1139 2462 dein,
1180 2395 1515 2468 postquam
1571 2383 1969 2470 urquebatur‚
2035 2382 2452 2466 confessionis
2507 2383 2783 2471 qloriam

973 2491 1322 2577 amplexus.
1406 2491 1554 2556 dial.
1600 2492 1701 2577 38,
1747 2493 1822 2556 17
1867 2515 1991 2556 non
2036 2491 2301 2576 denique
2343 2492 2513 2556 ullus
2564 2494 2790 2580 maqni

974 2601 1246 2665 oratoris
1290 2600 1446 2664 liber
1488 2599 1669 2685 apud
1709 2601 2119 2664 centumviros
2164 2651 2178 2663 .
2209 2648 2222 2662 .
2250 2650 2304 2664 ..
2511 2602 2784 2687 exceptis

976 2708 1365 2773 orationibus
1433 2708 1654 2772 Asinii
1707 2731 1867 2793 quae
1911 2731 2039 2794 pro
2096 2708 2427 2778 heredibus
2481 2710 2784 2775 Urbiniae

974 2817 1405 2882 inscribuntur
1449 2816 1527 2880 ab
1569 2817 1711 2901 ipso
1755 2829 1958 2880 tamen
2000 2816 2289 2894 habitae,
2348 2831 2682 2903 postquam
2725 2866 2740 2882 .
2767 2866 2780 2880 .

969 2939 1336 3011 pacaverat.
1423 2923 1570 2989 hist.
1615 2923 1721 2988 HI
1762 2924 1863 3008 47,
1906 2925 1950 2987 4
1988 2925 2046 2988 is
2085 2924 2219 3008 fuit
2263 2927 2563 2990 Anicetus
2603 2926 2781 2990 Pole-

973 3034 1175 3097 monis
1219 3032 1493 3116 libertus,
1548 3045 1932 3118 praepotens
1988 3032 2136 3097 olim
2180 3046 2270 3112 et,
2325 3046 2656 3119 postquam
2696 3070 2785 3080 —

973 3149 1260 3219 uerterat,
1304 3141 1674 3204 mutationis
1714 3140 2071 3226 impatiens.

593 3291 716 3356 IX.
789 3312 932 3354 cum
1002 3291 1290 3354 oratione
1359 3289 1619 3375 obliqua
1710 3289 2083 3373 cohaerent,
2172 3291 2484 3376 praebent
2565 3302 2783 3357 autem

785 3399 1194 3463 nihilominus
1236 3398 1659 3462 indicativum
1699 3399 1858 3463 haec
1903 3399 2194 3484 exempla
2223 3423 2239 3464 ε

889 3529 1035 3571 ann.
1078 3505 1177 3571 IV
1220 3507 1318 3591 73,
1363 3508 1463 3571 25.
1537 3506 1637 3571 VI
1683 3508 1763 3570 14
1802 3507 1897 3591 (8)
1942 3506 2000 3571 6.
2066 3507 2144 3571 31
2191 3508 2353 3591 (25),
2396 3509 2455 3572 3.

890 3787 945 3838 et
983 3786 1360 3860 postquam:
1403 3794 1552 3836 ann.
1597 3771 1633 3836 I
1675 3773 1775 3836 28.
1857 3771 1926 3836 II
1968 3772 2068 3838 55.
2113 3772 2213 3838 65.
2291 3772 2387 3837 IV
2430 3774 2489 3837 3.
2533 3774 2633 3837 49.
2676 3774 2778 3838 68.

880 3951 881 3954 ¹
973 3883 1071 3947 72.
1155 3882 1323 3946 XIV
1364 3881 1464 3945 49.
1548 3880 1682 3945 XV
1724 3882 1823 3945 37.
1942 3881 2168 3947 deinde
2204 3894 2576 3968 postquam:
2630 3880 2776 3945 hist.

974 3990 1073 4055 [V
1114 3992 1213 4055 39.
1298 3988 1473 4055 XHI
1520 3989 1614 4053 14.
1658 3989 1759 4052 21.
1805 3989 1904 4052 41.
2019 4014 2169 4054 nam
2220 4002 2557 4075 potquam:
2628 4011 2777 4053 ann.

975 4099 1080 4165 XI
1118 4100 1219 4163 22.
1292 4122 1369 4163 ac
1406 4112 1781 4184 postquam:
1824 4120 1971 4162 ann.
2002 4097 2179 4163 XIII
2204 4098 2304 4161 44.
2390 4098 2586 4185 iyitur
2608 4109 2775 4182 post-

971 4228 1198 4294 quam:
1242 4228 1390 4271 ann.
1432 4203 1603 4271 XIV
1642 4205 1743 4271 60.
