3181 5188
1727 560 1804 626 12

676 781 814 824 eam
861 761 1105 845 copiam
1150 759 1344 825 habet
1388 762 1925 846 coniunctionum,
1971 762 2201 849 quibus
2244 763 2373 828 leni
2416 765 2876 829 coniunctione

676 869 979 932 orationis
1051 868 1340 933 membra
1397 870 1774 954 copulantur
1850 872 1949 954 (ut
2011 895 2108 936 ex.
2174 894 2268 956 gr.
2341 871 2509 957 apud
2570 872 2871 938 Graecos

673 976 796 1060 μὲν
835 1015 919 1022 -
958 977 1057 1059 δὲ)
1103 975 1214 1040 sed
1259 979 1555 1062 propriae
1599 987 1663 1041 et
1705 979 1982 1063 innatae,
2040 989 2112 1043 ut
2168 980 2260 1043 ita
2301 979 2530 1063 dicam,
2578 981 2870 1065 singula-

676 1105 815 1147 rum
881 1085 1331 1169 particularum
1390 1087 1684 1150 notiones
1749 1087 1937 1150 nimis
1996 1088 2401 1171 praevalent,
2478 1098 2550 1152 ut
2605 1089 2879 1154 liberior

676 1214 825 1255 usus
885 1191 1054 1276 apud
1111 1194 1452 1277 scriptores
1511 1194 1790 1278 optimae
1846 1196 2076 1258 aetatis
2139 1196 2223 1259 sit
2285 1197 2504 1259 rarior.
2593 1195 2738 1274 Qua
2782 1195 2874 1260 de

677 1322 869 1363 causa
910 1299 1150 1364 factum
1195 1310 1308 1379 est,
1353 1310 1425 1365 ut
1468 1311 1578 1364 aut
1621 1300 1967 1366 habeamus
2012 1303 2413 1386 frequentem
2456 1325 2640 1367 usum
2670 1325 2871 1389 asyn-

677 1407 826 1491 deti,
891 1419 1001 1472 aut
1061 1410 1343 1473 rationes
1408 1411 1716 1473 transitus
1785 1409 2059 1474 faciendi
2142 1411 2350 1475 minus
2429 1413 2554 1474 sint
2625 1412 2868 1475 variae.

676 1514 842 1579 Illud
886 1516 1158 1581 alterum
1201 1518 1370 1602 apud
1409 1517 1783 1582 Sallustium
1817 1519 2093 1582 maxime
2134 1518 2475 1582 observare
2505 1541 2867 1604 possumus.

680 1645 983 1707 magnum
1028 1626 1197 1689 enim
1242 1626 1719 1689 enuntiatorum
1782 1648 2116 1690 numerum
2160 1627 2492 1709 coniungit
2548 1628 2867 1711 particula

675 1730 786 1794 sed
830 1732 908 1796 of.
943 1732 1083 1797 cat.
1121 1734 1174 1816 1,
1218 1734 1277 1796 2.
1324 1735 1381 1797 5.
1426 1733 1486 1816 2,
1533 1733 1589 1797 8.
1635 1734 1693 1815 3,
1737 1734 1794 1798 3.
1841 1734 1902 1816 6,
1945 1734 2004 1797 3.
2053 1735 2108 1816 7,
2159 1735 2210 1809 1.
2256 1734 2314 1797 6.
2360 1734 2418 1816 3,
2468 1736 2518 1797 1.
2564 1735 2621 1798 3.
2672 1735 2767 1817 10,
2810 1736 2860 1798 1.

681 1841 774 1923 11,
825 1844 876 1903 1.
918 1841 978 1904 4.
1049 1842 1142 1924 13,
1186 1842 1243 1905 3.
1287 1840 1345 1905 4.
1418 1842 1512 1924 14,
1556 1842 1615 1905 5.
1663 1843 1718 1905 7.
1806 1842 2000 1925 16,1.
2084 1842 2178 1924 17,
2223 1844 2280 1906 6.
2374 1843 2568 1925 13,1.
2659 1843 2754 1925 19,
2799 1836 2859 1906 3.

673 1948 773 2030 20,
817 1948 874 2011 3.
919 1950 977 2012 5.
1042 1949 1142 2032 23,
1195 1951 1243 2012 1.
1289 1949 1347 2012 4.
1393 1950 1449 2013 6.
1498 1949 1599 2032 25,
1649 1949 1702 2012 1.
1747 1949 1804 2012 3.
1861 1949 1962 2033 26,
2009 1952 2062 2013 1.
2125 1950 2224 2031 30,
2268 1951 2325 2014 5.
2395 1951 2494 2033 31,
2543 1952 2598 2014 7.
2655 1951 2755 2028 32,
2800 1950 2858 2013 2.

675 2055 773 2138 36,
821 2056 876 2120 1.
934 2056 1034 2139 41,
1087 2060 1135 2120 1.
1193 2057 1295 2139 44,
1344 2057 1396 2119 1.
1457 2056 1558 2139 48,
1606 2058 1663 2120 5.
1726 2057 1826 2140 49,
1878 2060 1929 2120 1.
1973 2058 2032 2120 4.
2093 2058 2193 2140 50,
2237 2058 2295 2120 4.
2341 2058 2399 2121 5.
2470 2059 2570 2139 51,
2618 2058 2712 2122 10.
2758 2058 2858 2121 21.

676 2162 774 2225 33.
806 2163 904 2227 35.
935 2164 1034 2228 39.
1064 2163 1164 2227 40.
1209 2164 1309 2245 52,
1353 2165 1410 2227 5.
1457 2164 1513 2227 9.
1555 2164 1655 2226 21.
1701 2164 1801 2227 24.
1847 2164 1945 2228 28.
1991 2165 2091 2247 53,
2124 2165 2183 2228 2.
2228 2165 2328 2247 56,
2371 2165 2429 2228 3.
2467 2165 2525 2228 4.
2570 2166 2670 2249 57,
2720 2168 2769 2229 1.
2801 2167 2859 2229 5.

678 2270 779 2354 58,
810 2271 867 2334 3.
912 2271 1012 2354 60,
1061 2272 1114 2334 1.
1171 2272 1271 2354 61,
1319 2273 1373 2335 1.
1499 2301 1505 2306 ·

849 2379 991 2463 Ing.
1042 2381 1096 2462 1,
1143 2380 1201 2443 3.
1244 2380 1303 2463 5,
1347 2380 1404 2443 3.
1452 2381 1508 2462 7,
1551 2380 1610 2443 3.
1657 2379 1714 2460 8,
1757 2379 1816 2442 2.
1861 2379 1919 2460 9,
1963 2381 2020 2442 4.
2071 2380 2164 2462 11,
2208 2379 2266 2442 2.
2315 2380 2410 2459 12,
2455 2380 2512 2443 3.
2563 2380 2657 2462 13,
2699 2380 2759 2442 4.
2806 2381 2861 2443 7.

687 2487 782 2569 14,
825 2487 883 2550 4.
954 2487 1049 2569 17,
1096 2487 1154 2550 2.
1201 2487 1257 2549 7.
1320 2487 1416 2570 18,
1461 2488 1518 2550 3.
1569 2487 1665 2549 11.
1721 2486 1822 2569 21,
1866 2486 1925 2550 2.
1968 2487 2026 2550 4.
2092 2488 2193 2569 24,
2243 2487 2337 2550 10.
2398 2487 2497 2570 25,
2539 2488 2598 2550 2.
2659 2486 2760 2568 27,
2804 2486 2861 2550 3.

674 2596 775 2678 28,
820 2596 877 2659 6.
950 2596 1051 2679 29,
1095 2596 1152 2659 3.
1199 2597 1256 2659 6.
1331 2596 1431 2678 30,
1471 2596 1530 2659 4.
1600 2597 1700 2677 31,
1743 2593 1801 2658 4.
1846 2596 1903 2659 8.
1955 2594 2049 2658 15.
2122 2594 2221 2677 36,
2267 2596 2322 2658 3.
2388 2594 2488 2678 38,
2533 2596 2589 2659 6.
2660 2594 2760 2678 39,
2809 2597 2859 2658 1.

673 2704 773 2787 40,
818 2704 875 2767 3.
920 2705 978 2767 5.
1049 2704 1149 2787 41,
1193 2704 1251 2768 3.
1322 2705 1423 2786 42,
1466 2705 1522 2768 3.
1569 2707 1628 2767 4.
1700 2704 1800 2785 44,
1852 2705 1904 2766 1.
1949 2703 2007 2766 5.
2093 2704 2195 2786 45,
2246 2704 2297 2766 1.
2384 2703 2483 2783 50,
2536 2705 2587 2766 1..
2659 2703 2759 2785 51,
2801 2703 2860 2766 5.

678 2813 778 2894 55,
822 2813 879 2875 5.
925 2814 1025 2895 57,
1070 2813 1127 2876 6.
1173 2814 1273 2895 60,
1317 2812 1375 2875 3.
1421 2813 1521 2895 63,
1565 2812 1771 2895 3.’66,
1815 2812 1872 2874 3.
1920 2813 2016 2894 71,
2066 2815 2119 2873 1.
2166 2812 2265 2894 73,
2314 2812 2368 2874 7.
2415 2811 2512 2891 74,
2555 2811 2613 2873 2.
2660 2811 2757 2893 76,
2808 2814 2858 2874 1.

679 2919 777 3002 77,
827 2923 879 2983 1.
927 2920 1026 3002 79,
1072 2920 1124 2983 1.
1170 2920 1227 2984 8.
1273 2920 1372 3003 84,
1416 2920 1475 2983 4.
1521 2920 1621 3002 85,
1665 2920 1724 2982 2.
1769 2919 1867 2983 26.
1912 2919 2011 2983 28.
2058 2920 2156 3001 87,
2208 2920 2258 2982 1.
2304 2917 2403 3001 88,
2447 2919 2505 2982 2.
2553 2918 2652 3001 89,
2702 2919 2756 2982 1.
2802 2921 2858 2981 3.

673 3026 773 3109 91,
817 3025 874 3089 4.
947 3027 1047 3110 92,
1092 3028 1148 3090 3.
1197 3030 1251 3091 7.
1323 3026 1424 3106 94,
1472 3028 1525 3089 1.
1569 3027 1630 3090 4.
1705 3026 1808 3109 95,
1853 3027 1910 3089 3.
1996 3025 2096 3103 98,
2141 3027 2197 3090 7.
2288 3026 2423 3103 101,
2469 3026 2528 3089 2.
2621 3025 2758 3109 102,
2802 3027 2859 3107 9,

681 3134 815 3217 105,
859 3135 917 3198 3.
994 3134 1131 3214 108,
1175 3135 1232 3198 3.
1317 3135 1454 3217 109,
1498 3134 1557 3197 4.
1648 3134 1788 3217 113,
1836 3135 1890 3197 1.
1937 3134 1993 3197 3.
2092 3133 2228 3217 114,
2274 3136 2330 3197 3.
2403 3132 2672 3198 totidem
2730 3133 2861 3197 fere

675 3240 984 3306 habemus
1026 3243 1257 3327 itaque,
1302 3243 1517 3329 iyitur,
1564 3243 1678 3305 ita.
1742 3240 2009 3306 totidem
2053 3256 2257 3327 atque,
2300 3241 2416 3320 vel,
2462 3255 2544 3304 at.
2631 3242 2736 3305 Ex
2764 3241 2859 3305 his

676 3351 834 3414 satis
903 3350 1188 3433 intellegi
1251 3358 1465 3434 potest
1531 3350 1952 3413 elocutionem
2013 3349 2468 3414 Sallustianam
2532 3350 2856 3413 varietatis

674 3458 862 3524 laude
906 3480 1141 3541 carere,
1187 3479 1573 3543 quamquam
1616 3456 1739 3521 hoc
1782 3479 2035 3543 quoque
2095 3457 2570 3523 concedendum
2616 3468 2730 3541 est,
2795 3459 2858 3521 in

676 3565 1134 3650 posterioribus
1193 3564 1343 3629 belli
1386 3564 1752 3648 Iugurthini
1819 3565 2107 3650 partibus
2169 3566 2622 3650 particularum
2678 3587 2856 3629 usum

674 3673 814 3737 fieri
856 3675 1060 3758 magis
1102 3675 1370 3756 varium,
1415 3696 1606 3759 saepe
1651 3675 1818 3737 enim
1861 3675 2218 3737 invenimus
2271 3689 2552 3752 ceterum,
2591 3674 2853 3749 interim,

675 3783 914 3846 interea
957 3783 1094 3846 sim.

841 3890 1036 3974 Apud
1081 3889 1379 3954 Tacitum
1421 3888 1729 3953 habemus
1773 3890 2050 3952 maxime
2104 3889 2171 3951 in
2222 3889 2297 3951 iis
2341 3889 2630 3973 partibus
2673 3889 2852 3953 libro-

675 4019 817 4061 rum
873 3996 1102 4081 quibus
1174 4020 1276 4061 res
1335 3996 1783 4087 describuntur
1843 3996 2245 4080 frequentem
2301 3996 2594 4080 asyndeti
2657 4018 2851 4079 usum,

678 4104 757 4168 cf.
805 4103 1222 4170 Germaniam
1267 4114 1331 4169 et
1372 4105 1519 4169 hist.
1564 4103 1601 4167 I
1649 4104 1847 4167 1—12
1890 4106 1955 4166 in
2001 4105 2276 4167 transitu
2319 4103 2611 4190 faciendo
2657 4104 2851 4167 nullas

677 4212 984 4278 habemus
1042 4214 1406 4297 particulas,
1463 4234 1734 4297 quarum
1790 4235 1942 4276 usus
2010 4213 2101 4275 sic
2157 4212 2504 4297 praevalet,
2566 4222 2637 4275 ut
2693 4212 2851 4295 apud

676 4321 1050 4388 Sallustium
1103 4321 1453 4406 particulae
1509 4319 1621 4383 sed
1633 4369 1652 4399 ‚
1714 4321 1929 4407 2‘9itur,
1989 4318 2303 4404 quaedam
2345 4330 2559 4384 tamen
2601 4319 2850 4385 locutio-
