3181 5188
967 1934 1380 2017 Particula
1429 1934 1703 2038 prima.

1247 2130 1445 2138 ——-———·

398 2235 560 2299 .Hac
603 2234 1066 2298 dissertationis
1109 2234 1422 2318 particula
1465 2234 1942 2297 examinaturus
1987 2254 2146 2317 sum,
2208 2233 2437 2318 quibus

250 2344 607 2407 rationibus
652 2341 894 2405 factum
940 2342 1039 2419 sit,
1085 2350 1156 2404 ut
1191 2340 1360 2426 apud
1383 2340 1680 2405 Tacitum
1711 2341 2184 2404 enuntiatorum
2215 2363 2436 2404 secun-

254 2450 578 2514 dariorum
635 2472 788 2513 usus
849 2472 923 2513 ac
976 2472 1276 2514 numerus
1335 2472 1464 2514 non
1516 2459 1650 2514 tam
1710 2449 2012 2535 frequens
2068 2450 2183 2534 sit,
2247 2470 2438 2534 quam
2487 2480 2493 2486 ·

255 2556 426 2644 apud
471 2559 626 2623 alios
671 2558 1033 2642 scriptores,

423 2666 505 2729 A.
563 2666 770 2749 prima
827 2687 1017 2729 causa
1073 2667 1284 2751 posita
1341 2675 1438 2730 est
1495 2667 1562 2729 in
1621 2665 1831 2730 Taciti
1891 2664 2101 2729 studio
2160 2665 2441 2729 breviter

178 2804 182 2812 ·
257 2771 578 2857 loquendi.

424 2879 568 2958 Quo
629 2880 880 2964 saepius
941 2881 1110 2944 enim
1152 2879 1415 2944 Tacitus
1468 2878 1806 2967 participia
1846 2881 2289 2967 ablativosque
2330 2880 2439 2945 ab·

261 2987 499 3051 solutos
572 2988 663 3050 ita
724 2997 1022 3073 usurpat,
1082 2997 1154 3051 ut
1220 2990 1692 3052 enuntiatorum
1756 2988 2232 3075 temporalium,
2294 3010 2438 3051 con-

263 3094 682 3177 dicionalium,
727 3094 1296 3180 adversativorum,
1340 3095 1705 3180 modalium,
1736 3096 2082 3159 causalium
2116 3096 2257 3159 vice
2298 3095 2438 3159 fun-

264 3212 513 3286 gantur,
579 3223 653 3266 eo
718 3203 927 3265 minus
995 3202 1295 3288 frequens
1355 3212 1450 3267 est
1515 3224 1814 3267 numerus
1878 3224 2156 3288 ususque
2219 3202 2441 3266 talium

267 3312 751 3374 enuntiatorum.
851 3310 1183 3374 Habemus
1227 3311 1425 3394 igitur
1466 3312 1782 3375 rationem
1826 3310 2146 3396 quandam
2188 3320 2438 3375 senten-

267 3419 382 3482 tias
440 3418 898 3503 enuntiataque
959 3417 1334 3483 decurtandi
1349 3470 1367 3501 ,
1430 3420 1606 3482 cuius
1671 3419 1964 3503 exempla
2025 3418 2289 3483 collecta
2346 3419 2438 3482 in-

268 3526 547 3589 venimus
591 3525 760 3612 apud
802 3526 1130 3590 Helmium
1174 3537 1418 3612 quaest.
1465 3536 1634 3612 synt.
1679 3550 1739 3612 p.
1774 3528 2089 3617 ’88-111,

424 3631 476 3696 Ι.
522 3633 671 3696 Duo
701 3632 996 3697 addenda
1025 3656 1165 3698 esse
1186 3633 1484 3698 videntur
1514 3634 1662 3697 huic
1692 3636 1857 3720 parti
1888 3636 2439 3700 commentationis

271 3738 656 3805 Helmianae.
717 3742 818 3805 Ac
855 3742 1130 3826 primum
1166 3741 1421 3828 quidem
1458 3764 1687 3807 vereor
1730 3765 1812 3807 ne
1855 3742 2050 3808 Helm
2091 3744 2281 3806 nimis
2330 3765 2437 3806 au-

274 3845 480 3911 dacter
540 3850 834 3933 exempla
869 3872 1010 3935 >per
1072 3851 1325 3933 singula
1387 3851 1861 3914 enuntiatorum
1922 3873 2162 3935 genera
2229 3850 2438 3914 distri-

274 3953 486 4017 buerit.
610 3955 769 4034 Quis
848 3958 1016 4021 enim
1094 3956 1428 4041 diiudicet,
1511 3979 1826 4043 quaenam
1909 3960 2085 4022 notio
2167 3960 2233 4022 in
2310 3980 2437 4021 uno

276 4061 543 4125 alterove
599 4066 885 4148 exemplo
943 4066 1024 4128 sit
1065 4066 1306 4150 potior,
1365 4074 1578 4129 utrum
1642 4065 1945 4150 causalis,
1979 4135 1982 4138 A
2011 4088 2094 4129 an
2149 4064 2437 4149 modalis,

276 4190 350 4232 an
402 4167 868 4253 condicionalis,
913 4182 983 4235 ut
1024 4193 1211 4236 nemo
1254 4194 1390 4236 rem
1432 4173 1554 4236 sibi
1598 4173 1782 4236 aliter
1822 4171 2069 4256 fingere
2112 4153 2354 4258 queat?

425 4277 679 4343 Deinde
752 4278 978 4365 Helm,
1067 4302 1210 4343 cum
1300 4280 1367 4343 in
1450 4278 1824 4363 colligendis
1906 4279 2212 4364 exemplis
2292 4301 2435 4365 pro-

279 4386 465 4451 fectus
522 4388 606 4450 sit
668 4410 749 4451 ex
806 4388 1286 4473 participiorum
1349 4409 1469 4451 usu
1525 4385 1946 4470 observandO,
2017 4408 2092 4451 ea
2148 4387 2440 4471 exempla

2017 4495 2039 4540 1

1200 4653 1746 4844 936281
