3181 5188
1735 595 1813 657 14

1399 1027 1813 1111 Particula
1865 1028 2147 1113 altera.

1675 1204 1871 1211 ——

841 1300 985 1364 Hac
1027 1310 1210 1385 parte
1255 1300 1727 1364 dissertationis
1774 1301 1896 1365 duo
1941 1301 2096 1365 mihi
2140 1305 2470 1389 proposita
2513 1316 2677 1369 sunt.
2767 1307 2865 1369 Ac

680 1410 954 1492 primum
1014 1408 1271 1493 quidem
1327 1429 1551 1490 meam,
1620 1409 2077 1494 qualiscunque
2141 1420 2273 1492 est,
2341 1414 2726 1476 sententiam
2788 1414 2865 1477 de

681 1517 1127 1580 consecutione
1171 1526 1530 1601 temporum
1561 1538 1878 1601 exponam
1908 1517 2256 1581 secundum
2296 1541 2487 1603 quam
2532 1522 2727 1584 totius
2771 1523 2864 1585 rei

681 1623 870 1687 cardo
936 1624 1001 1687 in
1066 1645 1139 1686 eo
1211 1633 1569 1708 temporum
1641 1647 1758 1688 usu
1839 1627 2141 1709 vertitur,
2207 1618 2403 1710 ¹quem
2478 1630 2862 1693 recentiores

680 1732 1079 1814 grammatici
1134 1731 1512 1795 Relativz'cc‘it
1557 1731 1670 1795 der
1722 1733 2029 1818 Tempora
2074 1734 2574 1818 appellaverunt,
2636 1736 2863 1800 deinde

680 1839 1061 1923 peculiarem
1093 1838 1301 1902 Taciti
1345 1839 1739 1924 aliorumque
1778 1841 2160 1924 scriptorum
2194 1840 2642 1906 historicorum
2680 1866 2860 1907 usum

678 1946 966 2009 tractabo
1026 1967 1361 2031 meamque
1422 1947 1911 2031 explicationem
1977 1947 2056 2010 ad
2125 1949 2417 2033 exempla
2475 1972 2555 2013 ex
2612 1950 2863 2015 illorum

681 2053 979 2138 operibus
1027 2055 1291 2118 collecta
1333 2054 1672 2138 adhibebo,
1734 2077 1858 2139 quo
1905 2057 1969 2118 in
2012 2078 2249 2139 genere
2310 2080 2440 2121 non
2503 2081 2727 2123 vereor
2782 2081 2863 2122 ne

678 2164 817 2247 quis
871 2185 976 2225 me
1031 2162 1530 2247 reprehensurus
1590 2165 1692 2246 sit,
1760 2164 1814 2227 si
1869 2165 2236 2228 notissimos
2302 2168 2862 2249 grammaticorum

674 2270 873 2334 libros
956 2270 1183 2334 afferre
1253 2272 1677 2334 necessarium
1748 2293 1877 2334 non
1954 2271 2193 2336 duxero
2266 2274 2501 2358 quippe
2559 2275 2666 2359 qui
2725 2275 2861 2337 uni-

677 2380 902 2463 cuique
946 2401 1195 2464 semper
1237 2387 1492 2462 praesto
1538 2380 1684 2442 sint.

839 2487 1221 2571 Priusquam
1277 2496 1491 2550 autem
1549 2487 1632 2549 ad
1692 2486 1943 2570 singula
2004 2489 2373 2572 perveniam
2416 2489 2721 2551 nonnulla
2764 2488 2853 2551 di-

676 2594 877 2659 cenda
919 2605 1068 2659 sunt
1112 2594 1192 2658 de
1237 2593 1481 2658 duabus
1529 2594 2188 2679 commentationibus,
2234 2618 2390 2680 quas
2435 2596 2752 2660 Lieven
2796 2607 2859 2661 et

673 2703 996 2767 Wetzel
1066 2704 1455 2787 scripserunt
1526 2702 1605 2766 de
1673 2705 2119 2767 consecutione
2185 2713 2543 2788 temporum
2606 2704 2857 2770 Cicero-

672 2812 866 2874 niana
888 2811 971 2893 ²¹³).

836 2918 1078 2983 Lieven
1147 2918 1301 2982 dicit
1361 2941 1421 3003 p.
1488 2922 1551 2982 l:
1641 2918 1832 2981 Unter
1902 2920 2261 2982 consecutio
2342 2929 2698 3003 temporum
2771 2920 2859 2983 im

673 3027 954 3090 weitereu
999 3026 1193 3090 Sinue
1237 3026 1496 3092 ver-steht
1537 3049 1688 3087 man
1735 3025 1837 3089 die
1887 3027 2360 3112 Beez‘nflussuny
2422 3028 2529 3089 des
2591 3028 2858 3113 Tempus

671 3136 756 3197 im
829 3134 1403 3221 coujurzlccivischen
1482 3134 1861 3196 Nebensatze
1933 3132 2130 3196 durch
2212 3133 2333 3197 das
2411 3135 2671 3198 Verbum
2750 3133 2858 3198 des

673 3243 1110 3326 Hauptsatzes.
1184 3263 1314 3303 non
1346 3240 1507 3303 dixit
1544 3239 1697 3325 quid
1724 3241 1806 3303 sit
1835 3227 1995 3303 illud'
2019 3239 2185 3323 quod
2223 3243 2359 3325 ipse
2380 3243 2858 3327 Beeinflussuny

670 3350 967 3433 appellat,
1024 3371 1155 3411 non
1217 3370 1494 3432 quanam
1549 3349 1616 3410 in
1658 3370 1727 3411 re
1772 3350 2134 3411 consecutio
2195 3360 2552 3433 temporum
2600 3371 2855 3413 causam

670 3480 849 3521 suam
892 3457 1126 3521 habeat
1169 3455 1450 3541 quidque
1493 3457 1576 3519 sit
1620 3458 1983 3520 consecutio
2018 3467 2375 3541 temporum
2412 3479 2602 3520 sensu
2630 3457 2856 3521 latiore

669 3566 1058 3650 accipienda.

836 3674 1078 3739 Contra
1109 3671 1389 3739 ,Wetzel
1447 3693 1505 3755 p.
1551 3672 1590 3733 6
1653 3670 1810 3735 haec
1869 3671 2057 3735 dicit:
2135 3695 2329 3756 quare
2386 3673 2497 3735 hoc
2554 3671 2853 3757 eoeemplis

665 3783 823 3845 satie
864 3781 1078 3844 multis
1123 3779 1548 3843 demonstrare
1590 3779 1847 3841 institui
1886 3779 2273 3864 siuyzclorum
2318 3793 2659 3864 temporum
2724 3780 2852 3843 vim

668 3905 851 3975 atque
894 3888 1413 3975 siyrzfflcacionem
1457 3886 1717 3951 eandem
1762 3910 1905 3964 esse,
1964 3901 2091 3949 tam
2149 3888 2212 3949 in
2261 3887 2609 3951 indicativo
2665 3911 2849 3971 quam

800 4204 877 4269 ’ἣ
915 4206 1198 4255 Lieven:
1252 4203 1352 4254 Die
1405 4210 1674 4254 consecut.
1734 4208 1891 4267 temp.
1951 4202 2041 4252 des
2095 4202 2293 4252 Cicero.
2385 4202 2519 4267 Riga
2581 4206 2722 4254 1872.
2783 4230 2851 4239 —

666 4292 957 4344 Wetzel:
1014 4291 1077 4341 de
1125 4290 1499 4341 consecutione
1549 4295 1845 4353 temporum
1896 4287 2238 4338 Ciceroniana
2294 4302 2405 4353 cap.
2447 4287 2565 4338 duo.
2638 4287 2851 4353 Lipsiae

669 4381 815 4429 1877.
