<?xml version="1.0" encoding="UTF-8"?>
<!DOCTYPE html PUBLIC "-//W3C//DTD XHTML 1.0 Transitional//EN"
    "http://www.w3.org/TR/xhtml1/DTD/xhtml1-transitional.dtd">
<html xmlns="http://www.w3.org/1999/xhtml" xml:lang="en" lang="en">
 <head>
  <title>
</title>
<meta http-equiv="Content-Type" content="text/html;charset=utf-8" />
  <meta name='ocr-system' content='tesseract 3.04.00' />
  <meta name='ocr-capabilities' content='ocr_page ocr_carea ocr_par ocr_line ocrx_word'/>
</head>
<body>
  <div class='ocr_page' id='page_1' title='image "./quaestionessynt02ihmgoog_0080.png"; bbox 0 0 3181 5188; ppageno 0'>
   <div class='ocr_carea' id='block_1_1' title="bbox 1652 474 1732 541">
    <p class='ocr_par' dir='ltr' id='par_1_1' title="bbox 1652 474 1732 541">
     <span class='ocr_line' id='line_1_1' title="bbox 1652 474 1732 541; baseline -0.025 0"><span class='ocrx_word' id='word_1_1' title='bbox 1652 474 1732 541; x_wconf 98' lang='lat'><strong>74</strong></span> 
     </span>
    </p>
   </div>
   <div class='ocr_carea' id='block_1_2' title="bbox 1497 565 1890 573">
    <p class='ocr_par' dir='ltr' id='par_1_2' title="bbox 1497 565 1890 573">
     <span class='ocr_line' id='line_1_2' title="bbox 1497 565 1890 573; baseline 0 4615"><span class='ocrx_word' id='word_1_2' title='bbox 1497 565 1890 573; x_wconf 95' lang='lat' dir='ltr'><strong> </strong></span> 
     </span>
    </p>
   </div>
   <div class='ocr_carea' id='block_1_3' title="bbox 628 670 2469 762">
    <p class='ocr_par' dir='ltr' id='par_1_3' title="bbox 628 670 2469 762">
     <span class='ocr_line' id='line_1_3' title="bbox 628 670 2469 762; baseline 0.001 -26"><span class='ocrx_word' id='word_1_3' title='bbox 628 670 780 737; x_wconf 89' lang='lat' dir='ltr'><strong>VH.</strong></span> <span class='ocrx_word' id='word_1_4' title='bbox 826 694 994 738; x_wconf 85' lang='lat' dir='ltr'><strong>eum</strong></span> <span class='ocrx_word' id='word_1_5' title='bbox 1037 676 1579 740; x_wconf 84' lang='lat' dir='ltr'><strong>coniunctivo</strong></span> <span class='ocrx_word' id='word_1_6' title='bbox 1623 676 2469 762; x_wconf 76' lang='lat' dir='ltr'><strong>plusquamperfecti.</strong></span> 
     </span>
    </p>
   </div>
   <div class='ocr_carea' id='block_1_4' title="bbox 781 792 2782 1200">
    <p class='ocr_par' dir='ltr' id='par_1_4' title="bbox 783 792 2782 985">
     <span class='ocr_line' id='line_1_4' title="bbox 783 792 2782 878; baseline 0.002 -23"><span class='ocrx_word' id='word_1_7' title='bbox 783 813 839 855; x_wconf 83' lang='lat' dir='ltr'><strong>a.</strong></span> <span class='ocrx_word' id='word_1_8' title='bbox 897 792 1357 876; x_wconf 82' lang='lat' dir='ltr'><strong>imperfectum.</strong></span> <span class='ocrx_word' id='word_1_9' title='bbox 1443 793 1515 877; x_wconf 90' lang='grc' dir='ltr'><strong>α)</strong></span> <span class='ocrx_word' id='word_1_10' title='bbox 1573 794 1718 858; x_wconf 90' lang='grc' dir='ltr'><strong>δίει.</strong></span> <span class='ocrx_word' id='word_1_11' title='bbox 1771 792 1877 858; x_wconf 92' lang='grc' dir='ltr'><strong>ΙΠ</strong></span> <span class='ocrx_word' id='word_1_12' title='bbox 1933 795 2033 878; x_wconf 90' lang='grc'><strong>33,</strong></span> <span class='ocrx_word' id='word_1_13' title='bbox 2077 795 2136 858; x_wconf 88' lang='grc'><strong>6.</strong></span> <span class='ocrx_word' id='word_1_14' title='bbox 2242 814 2388 858; x_wconf 85' lang='lat' dir='ltr'><strong>ann.</strong></span> <span class='ocrx_word' id='word_1_15' title='bbox 2444 792 2478 856; x_wconf 97' lang='lat' dir='ltr'><strong>I</strong></span> <span class='ocrx_word' id='word_1_16' title='bbox 2535 793 2635 877; x_wconf 89' lang='lat'><strong>44,</strong></span> <span class='ocrx_word' id='word_1_17' title='bbox 2680 794 2782 858; x_wconf 90' lang='grc'><strong>22.</strong></span> 
     </span>
     <span class='ocr_line' id='line_1_5' title="bbox 896 899 1549 985; baseline 0.002 -21"><span class='ocrx_word' id='word_1_18' title='bbox 896 899 966 984; x_wconf 86' lang='grc' dir='ltr'><strong>γ)</strong></span> <span class='ocrx_word' id='word_1_19' title='bbox 1008 900 1154 964; x_wconf 86' lang='grc' dir='ltr'><strong>δίει.</strong></span> <span class='ocrx_word' id='word_1_20' title='bbox 1199 899 1262 964; x_wconf 90' lang='lat' dir='ltr'><strong>V</strong></span> <span class='ocrx_word' id='word_1_21' title='bbox 1303 901 1404 985; x_wconf 85' lang='lat'><strong>21,</strong></span> <span class='ocrx_word' id='word_1_22' title='bbox 1455 902 1549 966; x_wconf 85' lang='lat'><strong>13.</strong></span> 
     </span>
    </p>

    <p class='ocr_par' dir='ltr' id='par_1_5' title="bbox 782 1005 2651 1094">
     <span class='ocr_line' id='line_1_6' title="bbox 782 1005 2651 1094; baseline 0.001 -25"><span class='ocrx_word' id='word_1_23' title='bbox 782 1005 843 1070; x_wconf 89' lang='lat' dir='ltr'><strong>b.</strong></span> <span class='ocrx_word' id='word_1_24' title='bbox 899 1006 1249 1071; x_wconf 76' lang='lat' dir='ltr'><strong>infinitivus</strong></span> <span class='ocrx_word' id='word_1_25' title='bbox 1293 1008 1653 1073; x_wconf 78' lang='lat' dir='ltr'><strong>historicus,</strong></span> <span class='ocrx_word' id='word_1_26' title='bbox 1737 1010 1807 1093; x_wconf 83' lang='grc' dir='ltr'><strong>β)</strong></span> <span class='ocrx_word' id='word_1_27' title='bbox 1851 1031 1999 1073; x_wconf 86' lang='lat' dir='ltr'><strong>ann.</strong></span> <span class='ocrx_word' id='word_1_28' title='bbox 2045 1007 2178 1073; x_wconf 93' lang='lat' dir='ltr'><strong>XV</strong></span> <span class='ocrx_word' id='word_1_29' title='bbox 2218 1009 2319 1092; x_wconf 79' lang='lat'><strong>58,</strong></span> <span class='ocrx_word' id='word_1_30' title='bbox 2362 1009 2402 1074; x_wconf 83' lang='lat'>6</span> <span class='ocrx_word' id='word_1_31' title='bbox 2452 1021 2651 1094; x_wconf 79' lang='lat' dir='ltr'><strong>atque.</strong></span> 
     </span>
    </p>

    <p class='ocr_par' dir='ltr' id='par_1_6' title="bbox 781 1115 2422 1200">
     <span class='ocr_line' id='line_1_7' title="bbox 781 1115 2422 1200; baseline 0.002 -24"><span class='ocrx_word' id='word_1_32' title='bbox 781 1135 832 1177; x_wconf 85' lang='lat' dir='ltr'><strong>e.</strong></span> <span class='ocrx_word' id='word_1_33' title='bbox 900 1116 1127 1200; x_wconf 85' lang='lat' dir='ltr'>copula</span> <span class='ocrx_word' id='word_1_34' title='bbox 1168 1115 1365 1181; x_wconf 80' lang='lat' dir='ltr'><strong>deest.</strong></span> <span class='ocrx_word' id='word_1_35' title='bbox 1449 1118 1518 1199; x_wconf 84' lang='grc' dir='ltr'><strong>β)</strong></span> <span class='ocrx_word' id='word_1_36' title='bbox 1564 1115 1711 1181; x_wconf 98' lang='grc' dir='ltr'><strong>δίει.</strong></span> <span class='ocrx_word' id='word_1_37' title='bbox 1756 1115 1791 1180; x_wconf 95' lang='grc' dir='ltr'><strong>Ι</strong></span> <span class='ocrx_word' id='word_1_38' title='bbox 1832 1117 1933 1198; x_wconf 85' lang='grc'><strong>49,</strong></span> <span class='ocrx_word' id='word_1_39' title='bbox 1976 1117 2017 1182; x_wconf 98' lang='grc'><strong>3</strong></span> <span class='ocrx_word' id='word_1_40' title='bbox 2061 1117 2422 1199; x_wconf 66' lang='lat' dir='ltr'><strong>amicorum.</strong></span> 
     </span>
    </p>
   </div>
   <div class='ocr_carea' id='block_1_5' title="bbox 601 1243 2781 1443">
    <p class='ocr_par' dir='ltr' id='par_1_7' title="bbox 601 1243 2781 1443">
     <span class='ocr_line' id='line_1_8' title="bbox 601 1243 2781 1334; baseline 0 -24"><span class='ocrx_word' id='word_1_41' title='bbox 601 1243 789 1310; x_wconf 88' lang='lat' dir='ltr'><strong>VIII.</strong></span> <span class='ocrx_word' id='word_1_42' title='bbox 835 1268 1004 1310; x_wconf 84' lang='lat' dir='ltr'><strong>eum</strong></span> <span class='ocrx_word' id='word_1_43' title='bbox 1048 1249 1583 1312; x_wconf 84' lang='lat' dir='ltr'><strong>coniunctivo</strong></span> <span class='ocrx_word' id='word_1_44' title='bbox 1628 1249 2008 1334; x_wconf 82' lang='lat' dir='ltr'><strong>perfecti.</strong></span> <span class='ocrx_word' id='word_1_45' title='bbox 2114 1250 2185 1333; x_wconf 83' lang='grc' dir='ltr'><strong>β)</strong></span> <span class='ocrx_word' id='word_1_46' title='bbox 2229 1271 2376 1313; x_wconf 86' lang='lat' dir='ltr'><strong>ann.</strong></span> <span class='ocrx_word' id='word_1_47' title='bbox 2419 1247 2559 1313; x_wconf 92' lang='lat' dir='ltr'><strong>XII</strong></span> <span class='ocrx_word' id='word_1_48' title='bbox 2600 1248 2701 1332; x_wconf 87' lang='lat'><strong>47,</strong></span> <span class='ocrx_word' id='word_1_49' title='bbox 2745 1247 2781 1311; x_wconf 94' lang='lat'><strong>7</strong></span> 
     </span>
     <span class='ocr_line' id='line_1_9' title="bbox 897 1354 2486 1443; baseline 0.002 -25"><span class='ocrx_word' id='word_1_50' title='bbox 897 1378 1063 1435; x_wconf 71' lang='lat' dir='ltr'><strong>mom,</strong></span> <span class='ocrx_word' id='word_1_51' title='bbox 1104 1357 1218 1421; x_wconf 78' lang='lat' dir='ltr'><strong>ubi</strong></span> <span class='ocrx_word' id='word_1_52' title='bbox 1252 1356 1611 1442; x_wconf 75' lang='lat' dir='ltr'><strong>suffuderit,</strong></span> <span class='ocrx_word' id='word_1_53' title='bbox 1659 1356 1914 1421; x_wconf 78' lang='lat' dir='ltr'><strong>eliciunt</strong></span> <span class='ocrx_word' id='word_1_54' title='bbox 1958 1370 2142 1443; x_wconf 79' lang='lat' dir='ltr'><strong>atque</strong></span> <span class='ocrx_word' id='word_1_55' title='bbox 2187 1354 2486 1422; x_wconf 74' lang='lat' dir='ltr'><strong>lambant.</strong></span> 
     </span>
    </p>
   </div>
   <div class='ocr_carea' id='block_1_6' title="bbox 627 1483 2380 1575">
    <p class='ocr_par' dir='ltr' id='par_1_8' title="bbox 627 1483 2380 1575">
     <span class='ocr_line' id='line_1_10' title="bbox 627 1483 2380 1575; baseline 0.003 -27"><span class='ocrx_word' id='word_1_56' title='bbox 627 1483 749 1551; x_wconf 90' lang='lat' dir='ltr'><strong>IX.</strong></span> <span class='ocrx_word' id='word_1_57' title='bbox 794 1488 875 1555; x_wconf 87' lang='lat' dir='ltr'><strong>in</strong></span> <span class='ocrx_word' id='word_1_58' title='bbox 919 1498 1192 1553; x_wconf 89' lang='lat' dir='ltr'><strong>enunt.</strong></span> <span class='ocrx_word' id='word_1_59' title='bbox 1239 1489 1746 1554; x_wconf 82' lang='lat' dir='ltr'><strong>secundario</strong></span> <span class='ocrx_word' id='word_1_60' title='bbox 1793 1489 2093 1575; x_wconf 84' lang='lat' dir='ltr'><strong>copula</strong></span> <span class='ocrx_word' id='word_1_61' title='bbox 2133 1488 2380 1554; x_wconf 81' lang='lat' dir='ltr'><strong>deest.</strong></span> 
     </span>
    </p>
   </div>
   <div class='ocr_carea' id='block_1_7' title="bbox 780 1605 2786 2014">
    <p class='ocr_par' dir='ltr' id='par_1_9' title="bbox 780 1605 2786 1909">
     <span class='ocr_line' id='line_1_11' title="bbox 780 1605 2782 1692; baseline 0 -24"><span class='ocrx_word' id='word_1_62' title='bbox 780 1626 837 1668; x_wconf 83' lang='lat' dir='ltr'><strong>a.</strong></span> <span class='ocrx_word' id='word_1_63' title='bbox 903 1606 969 1668; x_wconf 90' lang='lat' dir='ltr'><strong>in</strong></span> <span class='ocrx_word' id='word_1_64' title='bbox 1014 1627 1113 1670; x_wconf 90' lang='lat' dir='ltr'><strong>en.</strong></span> <span class='ocrx_word' id='word_1_65' title='bbox 1162 1627 1254 1689; x_wconf 91' lang='lat' dir='ltr'><strong>pr.</strong></span> <span class='ocrx_word' id='word_1_66' title='bbox 1298 1605 1654 1691; x_wconf 85' lang='lat' dir='ltr'><strong>perfectum</strong></span> <span class='ocrx_word' id='word_1_67' title='bbox 1699 1616 1814 1671; x_wconf 80' lang='lat' dir='ltr'><strong>est.</strong></span> <span class='ocrx_word' id='word_1_68' title='bbox 1901 1606 1974 1690; x_wconf 89' lang='grc' dir='ltr'><strong>α)</strong></span> <span class='ocrx_word' id='word_1_69' title='bbox 2018 1605 2181 1690; x_wconf 85' lang='lat' dir='ltr'><strong>Agr.</strong></span> <span class='ocrx_word' id='word_1_70' title='bbox 2225 1607 2324 1688; x_wconf 87' lang='grc'><strong>26,</strong></span> <span class='ocrx_word' id='word_1_71' title='bbox 2373 1607 2402 1668; x_wconf 98' lang='grc'>1</span> <span class='ocrx_word' id='word_1_72' title='bbox 2451 1608 2782 1692; x_wconf 63' lang='lat' dir='ltr'><strong>cognitum.</strong></span> 
     </span>
     <span class='ocr_line' id='line_1_12' title="bbox 896 1711 2786 1801; baseline 0.001 -25"><span class='ocrx_word' id='word_1_73' title='bbox 896 1712 1043 1777; x_wconf 88' lang='grc' dir='ltr'><strong>δίει.</strong></span> <span class='ocrx_word' id='word_1_74' title='bbox 1088 1713 1195 1778; x_wconf 92' lang='grc' dir='ltr'><strong>ΙΠ</strong></span> <span class='ocrx_word' id='word_1_75' title='bbox 1238 1715 1332 1797; x_wconf 84' lang='grc'><strong>15,</strong></span> <span class='ocrx_word' id='word_1_76' title='bbox 1386 1716 1410 1778; x_wconf 92' lang='grc'>1</span> <span class='ocrx_word' id='word_1_77' title='bbox 1459 1727 1794 1800; x_wconf 82' lang='lat' dir='ltr'><strong>comperta.</strong></span> <span class='ocrx_word' id='word_1_78' title='bbox 1879 1714 1983 1798; x_wconf 80' lang='lat'><strong>58,</strong></span> <span class='ocrx_word' id='word_1_79' title='bbox 2032 1714 2064 1776; x_wconf 97' lang='grc'>1</span> <span class='ocrx_word' id='word_1_80' title='bbox 2111 1716 2379 1801; x_wconf 71' lang='lat' dir='ltr'><strong>coym’ta.</strong></span> <span class='ocrx_word' id='word_1_81' title='bbox 2461 1711 2561 1777; x_wconf 93' lang='lat' dir='ltr'><strong>IV</strong></span> <span class='ocrx_word' id='word_1_82' title='bbox 2599 1712 2661 1797; x_wconf 91' lang='lat'><strong>4,</strong></span> <span class='ocrx_word' id='word_1_83' title='bbox 2711 1713 2786 1777; x_wconf 84' lang='lat'><strong>15</strong></span> 
     </span>
     <span class='ocr_line' id='line_1_13' title="bbox 896 1819 2781 1909; baseline -0.001 -25"><span class='ocrx_word' id='word_1_84' title='bbox 896 1834 1159 1885; x_wconf 76' lang='lat' dir='ltr'><strong>ventum.</strong></span> <span class='ocrx_word' id='word_1_85' title='bbox 1246 1820 1307 1884; x_wconf 95' lang='lat' dir='ltr'><strong>V</strong></span> <span class='ocrx_word' id='word_1_86' title='bbox 1336 1821 1394 1905; x_wconf 89' lang='lat'><strong>8,</strong></span> <span class='ocrx_word' id='word_1_87' title='bbox 1433 1823 1504 1885; x_wconf 96' lang='grc'><strong>11</strong></span> <span class='ocrx_word' id='word_1_88' title='bbox 1549 1822 1883 1909; x_wconf 64' lang='lat' dir='ltr'><strong>cognitum.</strong></span> <span class='ocrx_word' id='word_1_89' title='bbox 1949 1843 2095 1886; x_wconf 85' lang='lat' dir='ltr'><strong>ann.</strong></span> <span class='ocrx_word' id='word_1_90' title='bbox 2126 1819 2224 1885; x_wconf 95' lang='lat' dir='ltr'><strong>IV</strong></span> <span class='ocrx_word' id='word_1_91' title='bbox 2253 1821 2352 1905; x_wconf 85' lang='lat'><strong>73,</strong></span> <span class='ocrx_word' id='word_1_92' title='bbox 2385 1824 2417 1884; x_wconf 90' lang='lat'><strong>1</strong></span> <span class='ocrx_word' id='word_1_93' title='bbox 2451 1821 2781 1907; x_wconf 72' lang='lat' dir='ltr'><strong>coym&#39;tum.</strong></span> 
     </span>
    </p>

    <p class='ocr_par' dir='ltr' id='par_1_10' title="bbox 783 1927 2784 2014">
     <span class='ocr_line' id='line_1_14' title="bbox 783 1927 2784 2014; baseline -0.001 -22"><span class='ocrx_word' id='word_1_94' title='bbox 783 1928 844 1992; x_wconf 92' lang='lat' dir='ltr'><strong>b.</strong></span> <span class='ocrx_word' id='word_1_95' title='bbox 900 1929 1360 2014; x_wconf 82' lang='lat' dir='ltr'><strong>imperfectum.</strong></span> <span class='ocrx_word' id='word_1_96' title='bbox 1446 1929 1516 2012; x_wconf 89' lang='grc' dir='ltr'><strong>α)</strong></span> <span class='ocrx_word' id='word_1_97' title='bbox 1560 1952 1708 1994; x_wconf 85' lang='lat' dir='ltr'><strong>ann.</strong></span> <span class='ocrx_word' id='word_1_98' title='bbox 1752 1927 1892 1993; x_wconf 90' lang='lat' dir='ltr'><strong>XII</strong></span> <span class='ocrx_word' id='word_1_99' title='bbox 1933 1929 2034 2014; x_wconf 82' lang='lat'><strong>35,</strong></span> <span class='ocrx_word' id='word_1_100' title='bbox 2078 1930 2118 1993; x_wconf 89' lang='grc'>8</span> <span class='ocrx_word' id='word_1_101' title='bbox 2176 1941 2438 1993; x_wconf 80' lang='lat' dir='ltr'><strong>ventum.</strong></span> <span class='ocrx_word' id='word_1_102' title='bbox 2523 1930 2593 2011; x_wconf 84' lang='grc' dir='ltr'><strong>β)</strong></span> <span class='ocrx_word' id='word_1_103' title='bbox 2638 1948 2784 1991; x_wconf 85' lang='lat' dir='ltr'><strong>ann.</strong></span> 
     </span>
    </p>
   </div>
   <div class='ocr_carea' id='block_1_8' title="bbox 895 2036 1724 2124">
    <p class='ocr_par' dir='ltr' id='par_1_11' title="bbox 895 2036 1724 2124">
     <span class='ocr_line' id='line_1_15' title="bbox 895 2036 1724 2124; baseline 0.002 -24"><span class='ocrx_word' id='word_1_104' title='bbox 895 2036 995 2121; x_wconf 78' lang='lat'><strong>50,</strong></span> <span class='ocrx_word' id='word_1_105' title='bbox 1044 2036 1117 2100; x_wconf 84' lang='lat'><strong>17</strong></span> <span class='ocrx_word' id='word_1_106' title='bbox 1164 2037 1416 2124; x_wconf 48' lang='grc' dir='ltr'><strong>(θρίων)</strong></span> <span class='ocrx_word' id='word_1_107' title='bbox 1460 2037 1724 2122; x_wconf 69' lang='lat' dir='ltr'><strong>(facta).</strong></span> 
     </span>
    </p>
   </div>
   <div class='ocr_carea' id='block_1_9' title="bbox 780 2138 2926 2230">
    <p class='ocr_par' dir='ltr' id='par_1_12' title="bbox 780 2138 2926 2230">
     <span class='ocr_line' id='line_1_16' title="bbox 780 2138 2926 2230; baseline -0.001 -23"><span class='ocrx_word' id='word_1_108' title='bbox 780 2167 832 2208; x_wconf 85' lang='lat' dir='ltr'><strong>e.</strong></span> <span class='ocrx_word' id='word_1_109' title='bbox 893 2166 1194 2230; x_wconf 83' lang='lat' dir='ltr'><strong>praesens</strong></span> <span class='ocrx_word' id='word_1_110' title='bbox 1237 2144 1627 2210; x_wconf 82' lang='lat' dir='ltr'><strong>historicum.</strong></span> <span class='ocrx_word' id='word_1_111' title='bbox 1688 2146 1759 2230; x_wconf 86' lang='grc' dir='ltr'><strong>α)</strong></span> <span class='ocrx_word' id='word_1_112' title='bbox 1803 2146 1949 2210; x_wconf 89' lang='grc' dir='ltr'><strong>δίει.</strong></span> <span class='ocrx_word' id='word_1_113' title='bbox 1982 2144 2082 2210; x_wconf 93' lang='lat' dir='ltr'><strong>IV</strong></span> <span class='ocrx_word' id='word_1_114' title='bbox 2107 2145 2208 2228; x_wconf 90' lang='grc'><strong>21,</strong></span> <span class='ocrx_word' id='word_1_115' title='bbox 2253 2146 2294 2211; x_wconf 90' lang='lat'>9</span> <span class='ocrx_word' id='word_1_116' title='bbox 2336 2143 2561 2208; x_wconf 80' lang='lat' dir='ltr'><strong>relata.</strong></span> <span class='ocrx_word' id='word_1_117' title='bbox 2636 2164 2782 2207; x_wconf 85' lang='lat' dir='ltr'><strong>ann.</strong></span> <span class='ocrx_word' id='word_1_118' title='bbox 2917 2138 2926 2147; x_wconf 83' lang='grc'><strong><em>’</em></strong></span> 
     </span>
    </p>
   </div>
   <div class='ocr_carea' id='block_1_10' title="bbox 782 2248 2788 2770">
    <p class='ocr_par' dir='ltr' id='par_1_13' title="bbox 782 2248 2788 2639">
     <span class='ocr_line' id='line_1_17' title="bbox 782 2248 2786 2341; baseline -0.001 -25"><span class='ocrx_word' id='word_1_119' title='bbox 782 2289 786 2294; x_wconf 93' lang='grc'>-</span> <span class='ocrx_word' id='word_1_120' title='bbox 894 2250 1002 2316; x_wconf 90' lang='grc' dir='ltr'><strong>ΠΙ</strong></span> <span class='ocrx_word' id='word_1_121' title='bbox 1044 2252 1143 2336; x_wconf 87' lang='grc'><strong>39,</strong></span> <span class='ocrx_word' id='word_1_122' title='bbox 1192 2253 1225 2316; x_wconf 98' lang='grc'>1</span> <span class='ocrx_word' id='word_1_123' title='bbox 1271 2254 1540 2340; x_wconf 73' lang='grc' dir='ltr'><strong>οοφιιία.</strong></span> <span class='ocrx_word' id='word_1_124' title='bbox 1649 2252 1789 2318; x_wconf 92' lang='lat' dir='ltr'><strong>XII</strong></span> <span class='ocrx_word' id='word_1_125' title='bbox 1842 2253 1943 2338; x_wconf 88' lang='lat'><strong>49,</strong></span> <span class='ocrx_word' id='word_1_126' title='bbox 1998 2253 2039 2318; x_wconf 90' lang='lat'>9</span> <span class='ocrx_word' id='word_1_127' title='bbox 2103 2252 2517 2341; x_wconf 73' lang='lat' dir='ltr'><strong>divulqatum.</strong></span> <span class='ocrx_word' id='word_1_128' title='bbox 2617 2248 2786 2314; x_wconf 91' lang='lat' dir='ltr'><strong>XVI</strong></span> 
     </span>
     <span class='ocr_line' id='line_1_18' title="bbox 900 2355 2788 2446; baseline -0.001 -23"><span class='ocrx_word' id='word_1_129' title='bbox 900 2360 996 2443; x_wconf 89' lang='lat'><strong>10,</strong></span> <span class='ocrx_word' id='word_1_130' title='bbox 1036 2359 1075 2423; x_wconf 88' lang='lat'>6</span> <span class='ocrx_word' id='word_1_131' title='bbox 1118 2361 1447 2446; x_wconf 64' lang='lat' dir='ltr'><strong>cognitum.</strong></span> <span class='ocrx_word' id='word_1_132' title='bbox 1530 2362 1601 2445; x_wconf 84' lang='grc' dir='ltr'><strong>β)</strong></span> <span class='ocrx_word' id='word_1_133' title='bbox 1645 2383 1794 2425; x_wconf 88' lang='lat' dir='ltr'><strong>ann.</strong></span> <span class='ocrx_word' id='word_1_134' title='bbox 1839 2359 1946 2426; x_wconf 93' lang='lat' dir='ltr'><strong>III</strong></span> <span class='ocrx_word' id='word_1_135' title='bbox 1990 2361 2045 2444; x_wconf 94' lang='lat'><strong>1,</strong></span> <span class='ocrx_word' id='word_1_136' title='bbox 2089 2360 2129 2424; x_wconf 95' lang='lat'>9</span> <span class='ocrx_word' id='word_1_137' title='bbox 2173 2373 2358 2446; x_wconf 79' lang='lat' dir='ltr'><strong>atque</strong></span> <span class='ocrx_word' id='word_1_138' title='bbox 2401 2359 2618 2443; x_wconf 79' lang='lat' dir='ltr'><strong>(visa).</strong></span> <span class='ocrx_word' id='word_1_139' title='bbox 2682 2355 2788 2421; x_wconf 91' lang='lat' dir='ltr'><strong>XI</strong></span> 
     </span>
     <span class='ocr_line' id='line_1_19' title="bbox 896 2465 2787 2554; baseline -0.002 -24"><span class='ocrx_word' id='word_1_140' title='bbox 896 2467 1016 2551; x_wconf 87' lang='lat'><strong>30,</strong></span> <span class='ocrx_word' id='word_1_141' title='bbox 1073 2468 1105 2531; x_wconf 91' lang='lat'><strong>1</strong></span> <span class='ocrx_word' id='word_1_142' title='bbox 1192 2466 1550 2554; x_wconf 76' lang='lat' dir='ltr'><strong>Calpurnia</strong></span> <span class='ocrx_word' id='word_1_143' title='bbox 1613 2467 1910 2553; x_wconf 74' lang='lat' dir='ltr'><strong>(datum).</strong></span> <span class='ocrx_word' id='word_1_144' title='bbox 2014 2466 2112 2532; x_wconf 91' lang='lat' dir='ltr'><strong>VI</strong></span> <span class='ocrx_word' id='word_1_145' title='bbox 2164 2469 2205 2533; x_wconf 79' lang='lat'>5</span> <span class='ocrx_word' id='word_1_146' title='bbox 2264 2467 2435 2551; x_wconf 90' lang='lat' dir='ltr'><strong>(ll),</strong></span> <span class='ocrx_word' id='word_1_147' title='bbox 2496 2466 2537 2531; x_wconf 85' lang='grc'><strong>2</strong></span> <span class='ocrx_word' id='word_1_148' title='bbox 2606 2465 2787 2530; x_wconf 76' lang='lat' dir='ltr'><strong>Cotta</strong></span> 
     </span>
     <span class='ocr_line' id='line_1_20' title="bbox 929 2573 2403 2639; baseline -0.001 0"><span class='ocrx_word' id='word_1_149' title='bbox 929 2573 1015 2639; x_wconf 87' lang='lat' dir='ltr'><strong>da</strong></span> <span class='ocrx_word' id='word_1_150' title='bbox 1121 2625 1134 2639; x_wconf 91' lang='lat'><strong>.</strong></span> <span class='ocrx_word' id='word_1_151' title='bbox 2397 2576 2403 2585; x_wconf 75' lang='grc'><em>’</em></span> 
     </span>
    </p>

    <p class='ocr_par' dir='ltr' id='par_1_14' title="bbox 784 2575 2784 2770">
     <span class='ocr_line' id='line_1_21' title="bbox 784 2575 2784 2770; baseline -0.001 -21"><span class='ocrx_word' id='word_1_152' title='bbox 784 2684 844 2749; x_wconf 91' lang='lat' dir='ltr'><strong>d.</strong></span> <span class='ocrx_word' id='word_1_153' title='bbox 899 2575 1250 2749; x_wconf 51' lang='lat' dir='ltr'><strong>infiiicigivus</strong></span> <span class='ocrx_word' id='word_1_154' title='bbox 1294 2684 1654 2750; x_wconf 78' lang='lat' dir='ltr'><strong>historicus,</strong></span> <span class='ocrx_word' id='word_1_155' title='bbox 1759 2685 1833 2770; x_wconf 86' lang='grc' dir='ltr'><strong>β)</strong></span> <span class='ocrx_word' id='word_1_156' title='bbox 1876 2685 2023 2750; x_wconf 88' lang='grc' dir='ltr'><strong>δίει.</strong></span> <span class='ocrx_word' id='word_1_157' title='bbox 2066 2683 2101 2748; x_wconf 95' lang='grc' dir='ltr'><strong>Ι</strong></span> <span class='ocrx_word' id='word_1_158' title='bbox 2144 2684 2245 2769; x_wconf 88' lang='grc'><strong>72,</strong></span> <span class='ocrx_word' id='word_1_159' title='bbox 2292 2684 2365 2748; x_wconf 85' lang='grc'><strong>17</strong></span> <span class='ocrx_word' id='word_1_160' title='bbox 2426 2697 2501 2765; x_wconf 78' lang='lat' dir='ltr'><strong>et,</strong></span> <span class='ocrx_word' id='word_1_161' title='bbox 2544 2683 2659 2748; x_wconf 73' lang='lat' dir='ltr'><strong>ubi</strong></span> <span class='ocrx_word' id='word_1_162' title='bbox 2687 2683 2784 2769; x_wconf 79' lang='lat' dir='ltr'><strong>pl.</strong></span> 
     </span>
    </p>
   </div>
   <div class='ocr_carea' id='block_1_11' title="bbox 900 2790 1173 2856">
    <p class='ocr_par' dir='ltr' id='par_1_15' title="bbox 900 2790 1173 2856">
     <span class='ocr_line' id='line_1_22' title="bbox 900 2790 1173 2856; baseline 0.004 -1"><span class='ocrx_word' id='word_1_163' title='bbox 900 2790 1173 2856; x_wconf 77' lang='lat' dir='ltr'><strong>licentia.</strong></span> 
     </span>
    </p>
   </div>
   <div class='ocr_carea' id='block_1_12' title="bbox 626 2922 2791 3550">
    <p class='ocr_par' dir='ltr' id='par_1_16' title="bbox 626 2922 2791 3550">
     <span class='ocr_line' id='line_1_23' title="bbox 626 2922 2786 3009; baseline -0.001 -22"><span class='ocrx_word' id='word_1_164' title='bbox 626 2922 714 2987; x_wconf 92' lang='lat' dir='ltr'><strong>X.</strong></span> <span class='ocrx_word' id='word_1_165' title='bbox 773 2923 922 2988; x_wconf 90' lang='lat' dir='ltr'><strong>duo</strong></span> <span class='ocrx_word' id='word_1_166' title='bbox 981 2933 1352 3009; x_wconf 85' lang='lat' dir='ltr'><strong>tempora</strong></span> <span class='ocrx_word' id='word_1_167' title='bbox 1414 2923 1799 2989; x_wconf 82' lang='lat' dir='ltr'><strong>habemus</strong></span> <span class='ocrx_word' id='word_1_168' title='bbox 1872 2925 2323 2994; x_wconf 79' lang='lat' dir='ltr'><strong>coniuncta</strong></span> <span class='ocrx_word' id='word_1_169' title='bbox 2394 2923 2476 2986; x_wconf 86' lang='lat' dir='ltr'><strong>in</strong></span> <span class='ocrx_word' id='word_1_170' title='bbox 2550 2943 2786 2987; x_wconf 90' lang='lat' dir='ltr'><strong>enun-</strong></span> 
     </span>
     <span class='ocr_line' id='line_1_24' title="bbox 766 3031 1547 3098; baseline 0.003 -3"><span class='ocrx_word' id='word_1_171' title='bbox 766 3032 982 3096; x_wconf 83' lang='lat' dir='ltr'><strong>tiato</strong></span> <span class='ocrx_word' id='word_1_172' title='bbox 1027 3031 1547 3098; x_wconf 61' lang='lat' dir='ltr'><strong>secundaria</strong></span> 
     </span>
     <span class='ocr_line' id='line_1_25' title="bbox 779 3145 2791 3235; baseline -0 -23"><span class='ocrx_word' id='word_1_173' title='bbox 779 3171 835 3213; x_wconf 85' lang='lat' dir='ltr'><strong>a.</strong></span> <span class='ocrx_word' id='word_1_174' title='bbox 891 3148 1274 3213; x_wconf 86' lang='lat' dir='ltr'><strong>infinitivum</strong></span> <span class='ocrx_word' id='word_1_175' title='bbox 1316 3149 1691 3213; x_wconf 84' lang='lat' dir='ltr'><strong>historicum</strong></span> <span class='ocrx_word' id='word_1_176' title='bbox 1734 3158 1798 3213; x_wconf 90' lang='lat' dir='ltr'><strong>et</strong></span> <span class='ocrx_word' id='word_1_177' title='bbox 1840 3148 2302 3235; x_wconf 81' lang='lat' dir='ltr'><strong>imperfectum.</strong></span> <span class='ocrx_word' id='word_1_178' title='bbox 2373 3147 2519 3211; x_wconf 79' lang='lat' dir='ltr'><strong>hist.</strong></span> <span class='ocrx_word' id='word_1_179' title='bbox 2559 3145 2668 3212; x_wconf 94' lang='lat' dir='ltr'><strong>III</strong></span> <span class='ocrx_word' id='word_1_180' title='bbox 2712 3146 2791 3211; x_wconf 88' lang='grc'><strong>10</strong></span> 
     </span>
     <span class='ocr_line' id='line_1_26' title="bbox 816 3253 2791 3341; baseline -0.001 -22"><span class='ocrx_word' id='word_1_181' title='bbox 816 3261 817 3264; x_wconf 72' lang='grc'>’</span> <span class='ocrx_word' id='word_1_182' title='bbox 898 3257 1010 3320; x_wconf 77' lang='lat' dir='ltr'><strong>ubi</strong></span> <span class='ocrx_word' id='word_1_183' title='bbox 1047 3254 1404 3321; x_wconf 74' lang='lat' dir='ltr'><strong>crudescere</strong></span> <span class='ocrx_word' id='word_1_184' title='bbox 1445 3256 1671 3322; x_wconf 67' lang='lat' dir='ltr'><strong>seditio</strong></span> <span class='ocrx_word' id='word_1_185' title='bbox 1715 3271 1770 3322; x_wconf 78' lang='lat' dir='ltr'><strong>et</strong></span> <span class='ocrx_word' id='word_1_186' title='bbox 1814 3281 1853 3320; x_wconf 90' lang='lat' dir='ltr'><strong><em>a</em></strong></span> <span class='ocrx_word' id='word_1_187' title='bbox 1897 3256 2199 3321; x_wconf 75' lang='lat' dir='ltr'><em>conviciis</em></span> <span class='ocrx_word' id='word_1_188' title='bbox 2259 3280 2335 3319; x_wconf 84' lang='lat' dir='ltr'><strong>ac</strong></span> <span class='ocrx_word' id='word_1_189' title='bbox 2374 3255 2655 3341; x_wconf 77' lang='lat' dir='ltr'><strong>probriis</strong></span> <span class='ocrx_word' id='word_1_190' title='bbox 2699 3253 2791 3318; x_wconf 87' lang='lat' dir='ltr'><strong>ad</strong></span> 
     </span>
     <span class='ocr_line' id='line_1_27' title="bbox 893 3361 2789 3447; baseline -0.001 -19"><span class='ocrx_word' id='word_1_191' title='bbox 893 3364 1016 3428; x_wconf 80' lang='lat' dir='ltr'><strong>tela</strong></span> <span class='ocrx_word' id='word_1_192' title='bbox 1071 3378 1126 3428; x_wconf 78' lang='lat' dir='ltr'><strong>et</strong></span> <span class='ocrx_word' id='word_1_193' title='bbox 1182 3388 1409 3429; x_wconf 69' lang='lat' dir='ltr'><strong>manue</strong></span> <span class='ocrx_word' id='word_1_194' title='bbox 1472 3366 1791 3430; x_wconf 67' lang='lat' dir='ltr'><strong>transibat</strong></span> <span class='ocrx_word' id='word_1_195' title='bbox 1807 3414 1823 3447; x_wconf 94' lang='lat'><strong>,</strong></span> <span class='ocrx_word' id='word_1_196' title='bbox 1885 3365 2049 3430; x_wconf 77' lang='lat' dir='ltr'><em>inici</em></span> <span class='ocrx_word' id='word_1_197' title='bbox 2100 3364 2281 3428; x_wconf 77' lang='lat' dir='ltr'><strong>iubet.</strong></span> <span class='ocrx_word' id='word_1_198' title='bbox 2396 3385 2544 3427; x_wconf 85' lang='lat' dir='ltr'><strong>ann.</strong></span> <span class='ocrx_word' id='word_1_199' title='bbox 2605 3361 2703 3427; x_wconf 94' lang='lat' dir='ltr'><strong>IV</strong></span> <span class='ocrx_word' id='word_1_200' title='bbox 2745 3362 2789 3425; x_wconf 90' lang='lat'><strong>4</strong></span> 
     </span>
     <span class='ocr_line' id='line_1_28' title="bbox 899 3470 2449 3550; baseline 0 -15"><span class='ocrx_word' id='word_1_201' title='bbox 899 3472 1013 3536; x_wconf 78' lang='lat' dir='ltr'><strong>ubi</strong></span> <span class='ocrx_word' id='word_1_202' title='bbox 1048 3472 1343 3536; x_wconf 75' lang='lat' dir='ltr'><strong>minitari</strong></span> <span class='ocrx_word' id='word_1_203' title='bbox 1376 3485 1433 3536; x_wconf 82' lang='lat' dir='ltr'><strong>et</strong></span> <span class='ocrx_word' id='word_1_204' title='bbox 1472 3472 1840 3537; x_wconf 76' lang='lat' dir='ltr'><strong>sumendum</strong></span> <span class='ocrx_word' id='word_1_205' title='bbox 1881 3484 2034 3550; x_wconf 78' lang='lat' dir='ltr'><strong>erat,</strong></span> <span class='ocrx_word' id='word_1_206' title='bbox 2080 3470 2449 3535; x_wconf 77' lang='lat' dir='ltr'><strong>circumdat.</strong></span> 
     </span>
    </p>
   </div>
   <div class='ocr_carea' id='block_1_13' title="bbox 784 3585 2787 3781">
    <p class='ocr_par' dir='ltr' id='par_1_17' title="bbox 784 3585 2787 3781">
     <span class='ocr_line' id='line_1_29' title="bbox 784 3585 2786 3675; baseline -0.001 -23"><span class='ocrx_word' id='word_1_207' title='bbox 784 3588 845 3652; x_wconf 91' lang='lat' dir='ltr'><strong>b.</strong></span> <span class='ocrx_word' id='word_1_208' title='bbox 905 3588 1288 3653; x_wconf 85' lang='lat' dir='ltr'><strong>infinitivum</strong></span> <span class='ocrx_word' id='word_1_209' title='bbox 1330 3588 1702 3654; x_wconf 81' lang='lat' dir='ltr'><strong>historicum</strong></span> <span class='ocrx_word' id='word_1_210' title='bbox 1746 3598 1810 3654; x_wconf 92' lang='lat' dir='ltr'><strong>et</strong></span> <span class='ocrx_word' id='word_1_211' title='bbox 1851 3611 2057 3675; x_wconf 81' lang='lat' dir='ltr'><strong>praes,</strong></span> <span class='ocrx_word' id='word_1_212' title='bbox 2101 3588 2248 3652; x_wconf 89' lang='grc' dir='ltr'><strong>δίει.</strong></span> <span class='ocrx_word' id='word_1_213' title='bbox 2333 3608 2479 3652; x_wconf 85' lang='lat' dir='ltr'><strong>ann.</strong></span> <span class='ocrx_word' id='word_1_214' title='bbox 2524 3585 2667 3651; x_wconf 94' lang='lat' dir='ltr'><strong>XII</strong></span> <span class='ocrx_word' id='word_1_215' title='bbox 2706 3586 2786 3651; x_wconf 80' lang='lat'><strong>51</strong></span> 
     </span>
     <span class='ocr_line' id='line_1_30' title="bbox 899 3696 2787 3781; baseline -0.001 -21"><span class='ocrx_word' id='word_1_216' title='bbox 899 3696 1012 3760; x_wconf 76' lang='lat' dir='ltr'><strong>ubi</strong></span> <span class='ocrx_word' id='word_1_217' title='bbox 1047 3697 1233 3781; x_wconf 74' lang='lat' dir='ltr'><strong>quati</strong></span> <span class='ocrx_word' id='word_1_218' title='bbox 1266 3709 1477 3760; x_wconf 74' lang='lat' dir='ltr'><strong>uterus</strong></span> <span class='ocrx_word' id='word_1_219' title='bbox 1520 3710 1573 3760; x_wconf 72' lang='lat' dir='ltr'><strong>et</strong></span> <span class='ocrx_word' id='word_1_220' title='bbox 1617 3698 1937 3776; x_wconf 78' lang='lat' dir='ltr'><strong>vibantur,</strong></span> <span class='ocrx_word' id='word_1_221' title='bbox 1980 3719 2182 3774; x_wconf 80' lang='lat' dir='ltr'><strong>orare,</strong></span> <span class='ocrx_word' id='word_1_222' title='bbox 2226 3709 2295 3760; x_wconf 83' lang='lat' dir='ltr'><strong>ut</strong></span> <span class='ocrx_word' id='word_1_223' title='bbox 2339 3746 2353 3760; x_wconf 99' lang='lat'><strong>.</strong></span> <span class='ocrx_word' id='word_1_224' title='bbox 2380 3745 2394 3760; x_wconf 88' lang='lat'><strong>.</strong></span> <span class='ocrx_word' id='word_1_225' title='bbox 2420 3745 2433 3760; x_wconf 94' lang='lat'><strong>.</strong></span> <span class='ocrx_word' id='word_1_226' title='bbox 2522 3697 2650 3761; x_wconf 93' lang='lat' dir='ltr'><strong>Pro</strong></span> <span class='ocrx_word' id='word_1_227' title='bbox 2692 3697 2787 3759; x_wconf 90' lang='lat' dir='ltr'><strong>in-</strong></span> 
     </span>
    </p>
   </div>
   <div class='ocr_carea' id='block_1_14' title="bbox 899 3803 2909 3889">
    <p class='ocr_par' dir='ltr' id='par_1_18' title="bbox 899 3803 2909 3889">
     <span class='ocr_line' id='line_1_31' title="bbox 899 3803 2909 3889; baseline 0 -22"><span class='ocrx_word' id='word_1_228' title='bbox 899 3803 1144 3868; x_wconf 85' lang='lat' dir='ltr'><strong>finitivo</strong></span> <span class='ocrx_word' id='word_1_229' title='bbox 1188 3805 1375 3889; x_wconf 76' lang='lat' dir='ltr'><strong><em>quati</em></strong></span> <span class='ocrx_word' id='word_1_230' title='bbox 1409 3803 1632 3868; x_wconf 83' lang='lat' dir='ltr'><strong>scribit</strong></span> <span class='ocrx_word' id='word_1_231' title='bbox 1674 3803 1919 3868; x_wconf 81' lang='lat' dir='ltr'><strong>Heinse</strong></span> <span class='ocrx_word' id='word_1_232' title='bbox 1961 3805 2262 3889; x_wconf 77' lang='lat' dir='ltr'><strong>quatitur,</strong></span> <span class='ocrx_word' id='word_1_233' title='bbox 2329 3825 2521 3889; x_wconf 87' lang='lat' dir='ltr'><strong>quam</strong></span> <span class='ocrx_word' id='word_1_234' title='bbox 2579 3824 2788 3867; x_wconf 89' lang='lat' dir='ltr'><strong>emen·</strong></span> <span class='ocrx_word' id='word_1_235' title='bbox 2904 3849 2909 3855; x_wconf 87' lang='lat'>-</span> 
     </span>
    </p>
   </div>
   <div class='ocr_carea' id='block_1_15' title="bbox 902 3910 2790 4300">
    <p class='ocr_par' dir='ltr' id='par_1_19' title="bbox 902 3910 2790 4300">
     <span class='ocr_line' id='line_1_32' title="bbox 905 3910 2790 3996; baseline 0 -20"><span class='ocrx_word' id='word_1_236' title='bbox 905 3912 1224 3976; x_wconf 85' lang='lat' dir='ltr'><strong>dationem</strong></span> <span class='ocrx_word' id='word_1_237' title='bbox 1253 3910 1451 3975; x_wconf 83' lang='lat' dir='ltr'><strong>Halm</strong></span> <span class='ocrx_word' id='word_1_238' title='bbox 1491 3912 1559 3974; x_wconf 91' lang='lat' dir='ltr'><strong>in</strong></span> <span class='ocrx_word' id='word_1_239' title='bbox 1603 3911 1946 3976; x_wconf 86' lang='lat' dir='ltr'><strong>editionem</strong></span> <span class='ocrx_word' id='word_1_240' title='bbox 1988 3912 2246 3975; x_wconf 86' lang='lat' dir='ltr'><strong>tertiam</strong></span> <span class='ocrx_word' id='word_1_241' title='bbox 2273 3911 2532 3996; x_wconf 86' lang='lat' dir='ltr'><strong>recepit.</strong></span> <span class='ocrx_word' id='word_1_242' title='bbox 2606 3910 2790 3989; x_wconf 82' lang='lat' dir='ltr'><strong>Quae</strong></span> 
     </span>
     <span class='ocr_line' id='line_1_33' title="bbox 908 4017 2787 4105; baseline -0.001 -23"><span class='ocrx_word' id='word_1_243' title='bbox 908 4019 1272 4083; x_wconf 83' lang='lat' dir='ltr'><strong>coniectura</strong></span> <span class='ocrx_word' id='word_1_244' title='bbox 1316 4040 1704 4105; x_wconf 82' lang='lat' dir='ltr'><strong>quamquam</strong></span> <span class='ocrx_word' id='word_1_245' title='bbox 1745 4017 2245 4104; x_wconf 85' lang='lat' dir='ltr'><strong>palaeographia</strong></span> <span class='ocrx_word' id='word_1_246' title='bbox 2287 4017 2787 4102; x_wconf 86' lang='lat' dir='ltr'><strong>commendatur,</strong></span> 
     </span>
     <span class='ocr_line' id='line_1_34' title="bbox 902 4126 2788 4212; baseline -0.001 -21"><span class='ocrx_word' id='word_1_247' title='bbox 902 4136 1119 4191; x_wconf 85' lang='lat' dir='ltr'><strong>tamen</strong></span> <span class='ocrx_word' id='word_1_248' title='bbox 1161 4127 1215 4190; x_wconf 85' lang='grc' dir='ltr'><strong>εί</strong></span> <span class='ocrx_word' id='word_1_249' title='bbox 1260 4128 1553 4211; x_wconf 88' lang='lat' dir='ltr'><strong>exempla</strong></span> <span class='ocrx_word' id='word_1_250' title='bbox 1598 4148 1792 4212; x_wconf 84' lang='lat' dir='ltr'><strong>supra</strong></span> <span class='ocrx_word' id='word_1_251' title='bbox 1820 4126 2036 4191; x_wconf 85' lang='lat' dir='ltr'><strong>adlata</strong></span> <span class='ocrx_word' id='word_1_252' title='bbox 2077 4136 2544 4212; x_wconf 82' lang='lat' dir='ltr'><strong>comparantur,</strong></span> <span class='ocrx_word' id='word_1_253' title='bbox 2575 4147 2788 4210; x_wconf 83' lang='lat' dir='ltr'><strong>super-</strong></span> 
     </span>
     <span class='ocr_line' id='line_1_35' title="bbox 905 4232 1678 4300; baseline -0.005 0"><span class='ocrx_word' id='word_1_254' title='bbox 905 4256 1187 4300; x_wconf 83' lang='lat' dir='ltr'><strong>vacanea</strong></span> <span class='ocrx_word' id='word_1_255' title='bbox 1227 4254 1367 4298; x_wconf 80' lang='lat' dir='ltr'><strong>esse</strong></span> <span class='ocrx_word' id='word_1_256' title='bbox 1408 4232 1678 4298; x_wconf 82' lang='lat' dir='ltr'><strong>videtur.</strong></span> 
     </span>
    </p>
   </div>
  </div>
 </body>
</html>
