<?xml version="1.0" encoding="UTF-8"?>
<!DOCTYPE html PUBLIC "-//W3C//DTD XHTML 1.0 Transitional//EN"
    "http://www.w3.org/TR/xhtml1/DTD/xhtml1-transitional.dtd">
<html xmlns="http://www.w3.org/1999/xhtml" xml:lang="en" lang="en">
 <head>
  <title>
</title>
<meta http-equiv="Content-Type" content="text/html;charset=utf-8" />
  <meta name='ocr-system' content='tesseract 3.04.00' />
  <meta name='ocr-capabilities' content='ocr_page ocr_carea ocr_par ocr_line ocrx_word'/>
</head>
<body>
  <div class='ocr_page' id='page_1' title='image "./quaestionessynt02ihmgoog_0076.png"; bbox 0 0 3181 5188; ppageno 0'>
   <div class='ocr_carea' id='block_1_1' title="bbox 1721 459 1803 526">
    <p class='ocr_par' dir='ltr' id='par_1_1' title="bbox 1721 459 1803 526">
     <span class='ocr_line' id='line_1_1' title="bbox 1721 459 1803 526; baseline 0 0"><span class='ocrx_word' id='word_1_1' title='bbox 1721 459 1803 526; x_wconf 83' lang='lat'><em>70</em></span> 
     </span>
    </p>
   </div>
   <div class='ocr_carea' id='block_1_2' title="bbox 1555 551 1948 559">
    <p class='ocr_par' dir='ltr' id='par_1_2' title="bbox 1555 551 1948 559">
     <span class='ocr_line' id='line_1_2' title="bbox 1555 551 1948 559; baseline 0 4629"><span class='ocrx_word' id='word_1_2' title='bbox 1555 551 1948 559; x_wconf 95' lang='lat' dir='ltr'><em> </em></span> 
     </span>
    </p>
   </div>
   <div class='ocr_carea' id='block_1_3' title="bbox 692 664 1972 752">
    <p class='ocr_par' dir='ltr' id='par_1_3' title="bbox 692 664 1972 752">
     <span class='ocr_line' id='line_1_3' title="bbox 692 664 1972 752; baseline -0.006 -18"><span class='ocrx_word' id='word_1_3' title='bbox 692 669 780 735; x_wconf 88' lang='lat' dir='ltr'><em>H.</em></span> <span class='ocrx_word' id='word_1_4' title='bbox 838 689 1010 732; x_wconf 91' lang='lat' dir='ltr'><em>cum</em></span> <span class='ocrx_word' id='word_1_5' title='bbox 1051 666 1494 752; x_wconf 82' lang='lat' dir='ltr'><strong>praesenti</strong></span> <span class='ocrx_word' id='word_1_6' title='bbox 1536 664 1972 728; x_wconf 87' lang='lat' dir='ltr'><em>historic0.</em></span> 
     </span>
    </p>
   </div>
   <div class='ocr_carea' id='block_1_4' title="bbox 843 776 2849 2160">
    <p class='ocr_par' dir='ltr' id='par_1_4' title="bbox 843 776 2849 1602">
     <span class='ocr_line' id='line_1_4' title="bbox 843 776 2845 867; baseline -0.005 -18"><span class='ocrx_word' id='word_1_7' title='bbox 843 809 898 851; x_wconf 85' lang='lat' dir='ltr'><em>a.</em></span> <span class='ocrx_word' id='word_1_8' title='bbox 961 786 1028 848; x_wconf 90' lang='lat' dir='ltr'><em>in</em></span> <span class='ocrx_word' id='word_1_9' title='bbox 1070 784 1400 848; x_wconf 85' lang='lat' dir='ltr'><em>enuntiato</em></span> <span class='ocrx_word' id='word_1_10' title='bbox 1443 782 1746 867; x_wconf 83' lang='lat' dir='ltr'><em>primario</em></span> <span class='ocrx_word' id='word_1_11' title='bbox 1789 802 1995 866; x_wconf 85' lang='lat' dir='ltr'><em>praes.</em></span> <span class='ocrx_word' id='word_1_12' title='bbox 2037 779 2183 843; x_wconf 87' lang='lat' dir='ltr'><em>hist.</em></span> <span class='ocrx_word' id='word_1_13' title='bbox 2230 788 2345 842; x_wconf 91' lang='lat' dir='ltr'><em>est.</em></span> <span class='ocrx_word' id='word_1_14' title='bbox 2446 781 2516 860; x_wconf 90' lang='grc' dir='ltr'><em>α)</em></span> <span class='ocrx_word' id='word_1_15' title='bbox 2561 776 2703 860; x_wconf 86' lang='lat' dir='ltr'><em>[ug.</em></span> <span class='ocrx_word' id='word_1_16' title='bbox 2747 776 2845 858; x_wconf 91' lang='lat'><strong>11,</strong></span> 
     </span>
     <span class='ocr_line' id='line_1_5' title="bbox 963 883 2843 975; baseline -0.005 -19"><span class='ocrx_word' id='word_1_17' title='bbox 963 894 1021 957; x_wconf 86' lang='lat'><em>9.</em></span> <span class='ocrx_word' id='word_1_18' title='bbox 1090 891 1191 975; x_wconf 96' lang='grc'><em>25,</em></span> <span class='ocrx_word' id='word_1_19' title='bbox 1238 891 1332 955; x_wconf 94' lang='grc'>10.</span> <span class='ocrx_word' id='word_1_20' title='bbox 1416 891 1485 972; x_wconf 83' lang='grc' dir='ltr'><em>β)</em></span> <span class='ocrx_word' id='word_1_21' title='bbox 1532 888 1673 954; x_wconf 84' lang='lat' dir='ltr'><em>Cat.</em></span> <span class='ocrx_word' id='word_1_22' title='bbox 1706 889 1807 971; x_wconf 84' lang='lat'><strong>28,</strong></span> <span class='ocrx_word' id='word_1_23' title='bbox 1838 888 1877 951; x_wconf 88' lang='grc'>2</span> <span class='ocrx_word' id='word_1_24' title='bbox 1924 887 2171 952; x_wconf 68' lang='lat' dir='ltr'><em>(larius.</em></span> <span class='ocrx_word' id='word_1_25' title='bbox 2227 886 2328 969; x_wconf 83' lang='lat'><strong>51,</strong></span> <span class='ocrx_word' id='word_1_26' title='bbox 2357 885 2437 949; x_wconf 83' lang='grc'>27</span> <span class='ocrx_word' id='word_1_27' title='bbox 2478 883 2605 948; x_wconf 88' lang='lat' dir='ltr'><em>sed.</em></span> <span class='ocrx_word' id='word_1_28' title='bbox 2678 884 2776 966; x_wconf 87' lang='lat'><strong>60,</strong></span> <span class='ocrx_word' id='word_1_29' title='bbox 2811 886 2843 946; x_wconf 91' lang='grc'>1</span> 
     </span>
     <span class='ocr_line' id='line_1_6' title="bbox 964 991 2848 1080; baseline -0.005 -16"><span class='ocrx_word' id='word_1_30' title='bbox 964 998 1092 1064; x_wconf 88' lang='lat' dir='ltr'><em>sed.</em></span> <span class='ocrx_word' id='word_1_31' title='bbox 1174 999 1228 1062; x_wconf 89' lang='grc'><em>-5</em></span> <span class='ocrx_word' id='word_1_32' title='bbox 1290 997 1587 1062; x_wconf 73' lang='lat' dir='ltr'><strong><em>Petreius,</em></strong></span> <span class='ocrx_word' id='word_1_33' title='bbox 1694 995 1837 1080; x_wconf 84' lang='lat' dir='ltr'><em>Iug.</em></span> <span class='ocrx_word' id='word_1_34' title='bbox 1883 996 1939 1078; x_wconf 83' lang='lat'><strong>7,</strong></span> <span class='ocrx_word' id='word_1_35' title='bbox 1990 996 2019 1058; x_wconf 97' lang='grc'>1</span> <span class='ocrx_word' id='word_1_36' title='bbox 2087 994 2556 1058; x_wconf 76' lang='lat' dir='ltr'><em>circumventus.</em></span> <span class='ocrx_word' id='word_1_37' title='bbox 2669 991 2761 1073; x_wconf 88' lang='grc'><em>13,</em></span> <span class='ocrx_word' id='word_1_38' title='bbox 2808 991 2848 1054; x_wconf 93' lang='grc'>9</span> 
     </span>
     <span class='ocr_line' id='line_1_7' title="bbox 959 1099 2846 1191; baseline -0.005 -21"><span class='ocrx_word' id='word_1_39' title='bbox 959 1107 1175 1191; x_wconf 79' lang='lat' dir='ltr'><em>iqitur.</em></span> <span class='ocrx_word' id='word_1_40' title='bbox 1259 1107 1360 1189; x_wconf 84' lang='lat'><strong>21,</strong></span> <span class='ocrx_word' id='word_1_41' title='bbox 1397 1107 1429 1169; x_wconf 99' lang='grc'>1</span> <span class='ocrx_word' id='word_1_42' title='bbox 1469 1103 1809 1169; x_wconf 76' lang='lat' dir='ltr'><em>Adherbal.</em></span> <span class='ocrx_word' id='word_1_43' title='bbox 1882 1103 1985 1186; x_wconf 91' lang='grc'><em>44,</em></span> <span class='ocrx_word' id='word_1_44' title='bbox 2019 1103 2051 1165; x_wconf 97' lang='grc'>1</span> <span class='ocrx_word' id='word_1_45' title='bbox 2097 1100 2224 1166; x_wconf 91' lang='lat' dir='ltr'><em>sed.</em></span> <span class='ocrx_word' id='word_1_46' title='bbox 2309 1101 2409 1182; x_wconf 95' lang='lat'><strong>50,</strong></span> <span class='ocrx_word' id='word_1_47' title='bbox 2440 1101 2479 1163; x_wconf 96' lang='lat'><strong>3</strong></span> <span class='ocrx_word' id='word_1_48' title='bbox 2516 1099 2846 1186; x_wconf 64' lang='lat' dir='ltr'><em>Iugurtha.</em></span> 
     </span>
     <span class='ocr_line' id='line_1_8' title="bbox 962 1207 2849 1298; baseline -0.004 -20"><span class='ocrx_word' id='word_1_49' title='bbox 962 1215 1064 1298; x_wconf 92' lang='lat'><strong>51,</strong></span> <span class='ocrx_word' id='word_1_50' title='bbox 1109 1215 1149 1279; x_wconf 88' lang='lat'><strong>3</strong></span> <span class='ocrx_word' id='word_1_51' title='bbox 1196 1212 1500 1277; x_wconf 75' lang='lat' dir='ltr'><em>Metellus.</em></span> <span class='ocrx_word' id='word_1_52' title='bbox 1585 1212 1689 1289; x_wconf 88' lang='grc'><em>52,</em></span> <span class='ocrx_word' id='word_1_53' title='bbox 1732 1212 1773 1276; x_wconf 88' lang='grc'><strong>3</strong></span> <span class='ocrx_word' id='word_1_54' title='bbox 1814 1210 2109 1275; x_wconf 76' lang='lat' dir='ltr'><em>Romani.</em></span> <span class='ocrx_word' id='word_1_55' title='bbox 2193 1210 2293 1294; x_wconf 90' lang='lat'><strong>53,</strong></span> <span class='ocrx_word' id='word_1_56' title='bbox 2344 1209 2373 1270; x_wconf 90' lang='grc'>1</span> <span class='ocrx_word' id='word_1_57' title='bbox 2417 1221 2577 1293; x_wconf 84' lang='lat' dir='ltr'><em>post.</em></span> <span class='ocrx_word' id='word_1_58' title='bbox 2664 1207 2764 1292; x_wconf 90' lang='grc'><em>54,</em></span> <span class='ocrx_word' id='word_1_59' title='bbox 2807 1207 2849 1271; x_wconf 96' lang='grc'>5</span> 
     </span>
     <span class='ocr_line' id='line_1_9' title="bbox 968 1316 2842 1405; baseline -0.003 -19"><span class='ocrx_word' id='word_1_60' title='bbox 968 1322 1276 1387; x_wconf 85' lang='lat' dir='ltr'><em>Metellus.</em></span> <span class='ocrx_word' id='word_1_61' title='bbox 1373 1320 1474 1404; x_wconf 88' lang='grc'><em>56,</em></span> <span class='ocrx_word' id='word_1_62' title='bbox 1522 1321 1554 1383; x_wconf 97' lang='grc'>1</span> <span class='ocrx_word' id='word_1_63' title='bbox 1623 1320 1982 1405; x_wconf 83' lang='lat' dir='ltr'><em>imperator.</em></span> <span class='ocrx_word' id='word_1_64' title='bbox 2089 1318 2190 1401; x_wconf 87' lang='grc'><em>63,</em></span> <span class='ocrx_word' id='word_1_65' title='bbox 2233 1318 2276 1381; x_wconf 89' lang='grc'>4</span> <span class='ocrx_word' id='word_1_66' title='bbox 2331 1316 2443 1381; x_wconf 88' lang='lat' dir='ltr'><em>sed</em></span> <span class='ocrx_word' id='word_1_67' title='bbox 2483 1317 2559 1381; x_wconf 90' lang='lat' dir='ltr'><em>is.</em></span> <span class='ocrx_word' id='word_1_68' title='bbox 2664 1316 2764 1399; x_wconf 85' lang='lat'><strong>64,</strong></span> <span class='ocrx_word' id='word_1_69' title='bbox 2818 1321 2842 1380; x_wconf 92' lang='lat' dir='ltr'><em>l</em></span> 
     </span>
     <span class='ocr_line' id='line_1_10' title="bbox 963 1423 2849 1517; baseline -0.004 -23"><span class='ocrx_word' id='word_1_70' title='bbox 963 1430 1177 1517; x_wconf 77' lang='lat' dir='ltr'><em>iyitur.</em></span> <span class='ocrx_word' id='word_1_71' title='bbox 1263 1429 1364 1512; x_wconf 88' lang='grc'><em>69,</em></span> <span class='ocrx_word' id='word_1_72' title='bbox 1413 1429 1445 1491; x_wconf 99' lang='grc'>1</span> <span class='ocrx_word' id='word_1_73' title='bbox 1505 1427 1833 1515; x_wconf 76' lang='lat' dir='ltr'><em>Vaqenses.</em></span> <span class='ocrx_word' id='word_1_74' title='bbox 1922 1428 2019 1509; x_wconf 78' lang='lat'><strong>76,</strong></span> <span class='ocrx_word' id='word_1_75' title='bbox 2062 1427 2101 1489; x_wconf 96' lang='grc'>2</span> <span class='ocrx_word' id='word_1_76' title='bbox 2162 1438 2229 1489; x_wconf 89' lang='lat' dir='ltr'><em>at</em></span> <span class='ocrx_word' id='word_1_77' title='bbox 2272 1424 2580 1490; x_wconf 76' lang='lat' dir='ltr'><em>Metellus.</em></span> <span class='ocrx_word' id='word_1_78' title='bbox 2665 1423 2765 1508; x_wconf 92' lang='grc'><em>92,</em></span> <span class='ocrx_word' id='word_1_79' title='bbox 2810 1425 2849 1487; x_wconf 95' lang='grc'><strong>3</strong></span> 
     </span>
     <span class='ocr_line' id='line_1_11' title="bbox 964 1536 1351 1602; baseline -0.008 0"><span class='ocrx_word' id='word_1_80' title='bbox 964 1536 1076 1602; x_wconf 90' lang='lat' dir='ltr'><em>sed</em></span> <span class='ocrx_word' id='word_1_81' title='bbox 1116 1536 1351 1602; x_wconf 76' lang='lat' dir='ltr'><em>consul.</em></span> 
     </span>
    </p>

    <p class='ocr_par' dir='ltr' id='par_1_5' title="bbox 846 1639 2847 1838">
     <span class='ocr_line' id='line_1_12' title="bbox 846 1639 2847 1731; baseline -0.003 -22"><span class='ocrx_word' id='word_1_82' title='bbox 846 1645 906 1710; x_wconf 94' lang='lat' dir='ltr'><em>b.</em></span> <span class='ocrx_word' id='word_1_83' title='bbox 964 1645 1336 1731; x_wconf 87' lang='lat' dir='ltr'><em>perfectum.</em></span> <span class='ocrx_word' id='word_1_84' title='bbox 1421 1644 1491 1728; x_wconf 84' lang='grc' dir='ltr'><em>β)</em></span> <span class='ocrx_word' id='word_1_85' title='bbox 1538 1643 1680 1709; x_wconf 85' lang='lat' dir='ltr'><em>Cat.</em></span> <span class='ocrx_word' id='word_1_86' title='bbox 1724 1643 1782 1724; x_wconf 88' lang='lat'><em>6,</em></span> <span class='ocrx_word' id='word_1_87' title='bbox 1828 1643 1863 1706; x_wconf 86' lang='lat'><strong>7</strong></span> <span class='ocrx_word' id='word_1_88' title='bbox 1901 1655 2064 1729; x_wconf 83' lang='lat' dir='ltr'><em>post.</em></span> <span class='ocrx_word' id='word_1_89' title='bbox 2136 1642 2236 1725; x_wconf 88' lang='grc'><em>20,</em></span> <span class='ocrx_word' id='word_1_90' title='bbox 2271 1641 2304 1704; x_wconf 94' lang='grc'>1</span> <span class='ocrx_word' id='word_1_91' title='bbox 2340 1639 2642 1705; x_wconf 76' lang='lat' dir='ltr'><em>Catilina.</em></span> <span class='ocrx_word' id='word_1_92' title='bbox 2704 1639 2847 1724; x_wconf 86' lang='lat' dir='ltr'><em>Iug.</em></span> 
     </span>
     <span class='ocr_line' id='line_1_13' title="bbox 973 1750 2048 1838; baseline -0.002 -22"><span class='ocrx_word' id='word_1_93' title='bbox 973 1754 1069 1837; x_wconf 87' lang='lat'><em>14,</em></span> <span class='ocrx_word' id='word_1_94' title='bbox 1117 1752 1187 1816; x_wconf 95' lang='grc'>11</span> <span class='ocrx_word' id='word_1_95' title='bbox 1230 1765 1392 1838; x_wconf 83' lang='lat' dir='ltr'><em>post.</em></span> <span class='ocrx_word' id='word_1_96' title='bbox 1478 1752 1578 1836; x_wconf 85' lang='lat'><strong>23,</strong></span> <span class='ocrx_word' id='word_1_97' title='bbox 1621 1753 1661 1815; x_wconf 88' lang='grc'>2</span> <span class='ocrx_word' id='word_1_98' title='bbox 1705 1750 2048 1816; x_wconf 77' lang='lat' dir='ltr'><em>Adherbal.</em></span> 
     </span>
    </p>

    <p class='ocr_par' dir='ltr' id='par_1_6' title="bbox 855 1859 2097 1944">
     <span class='ocr_line' id='line_1_14' title="bbox 855 1859 2097 1944; baseline -0.002 -18"><span class='ocrx_word' id='word_1_99' title='bbox 855 1885 907 1926; x_wconf 90' lang='lat' dir='ltr'><em>c.</em></span> <span class='ocrx_word' id='word_1_100' title='bbox 966 1860 1319 1925; x_wconf 87' lang='lat' dir='ltr'><em>infinitivus</em></span> <span class='ocrx_word' id='word_1_101' title='bbox 1361 1860 1508 1924; x_wconf 91' lang='lat' dir='ltr'><em>hist.</em></span> <span class='ocrx_word' id='word_1_102' title='bbox 1595 1860 1665 1943; x_wconf 91' lang='grc' dir='ltr'><em>α)</em></span> <span class='ocrx_word' id='word_1_103' title='bbox 1711 1859 1849 1944; x_wconf 88' lang='lat' dir='ltr'><em>[ug.</em></span> <span class='ocrx_word' id='word_1_104' title='bbox 1893 1859 1995 1943; x_wconf 87' lang='grc'><em>94,</em></span> <span class='ocrx_word' id='word_1_105' title='bbox 2038 1861 2097 1923; x_wconf 87' lang='grc'><em>6.</em></span> 
     </span>
    </p>

    <p class='ocr_par' dir='ltr' id='par_1_7' title="bbox 852 1964 2422 2054">
     <span class='ocr_line' id='line_1_15' title="bbox 852 1964 2422 2054; baseline -0.004 -20"><span class='ocrx_word' id='word_1_106' title='bbox 852 1969 912 2034; x_wconf 85' lang='lat' dir='ltr'><em>d.</em></span> <span class='ocrx_word' id='word_1_107' title='bbox 972 1968 1684 2054; x_wconf 82' lang='lat' dir='ltr'><em>plusquamperfectum.</em></span> <span class='ocrx_word' id='word_1_108' title='bbox 1767 1972 1837 2051; x_wconf 84' lang='grc' dir='ltr'><em>β)</em></span> <span class='ocrx_word' id='word_1_109' title='bbox 1885 1967 2026 2033; x_wconf 85' lang='lat' dir='ltr'><em>Cat.</em></span> <span class='ocrx_word' id='word_1_110' title='bbox 2068 1967 2170 2050; x_wconf 84' lang='lat'><em>49,</em></span> <span class='ocrx_word' id='word_1_111' title='bbox 2214 1965 2257 2029; x_wconf 92' lang='grc'>4</span> <span class='ocrx_word' id='word_1_112' title='bbox 2293 1964 2422 2028; x_wconf 85' lang='lat' dir='ltr'><em>sed.</em></span> 
     </span>
    </p>

    <p class='ocr_par' dir='ltr' id='par_1_8' title="bbox 857 2071 2791 2160">
     <span class='ocr_line' id='line_1_16' title="bbox 857 2071 2791 2160; baseline -0.003 -19"><span class='ocrx_word' id='word_1_113' title='bbox 857 2099 909 2141; x_wconf 94' lang='lat' dir='ltr'><em>e.</em></span> <span class='ocrx_word' id='word_1_114' title='bbox 969 2076 1235 2141; x_wconf 87' lang='lat' dir='ltr'><em>verbum</em></span> <span class='ocrx_word' id='word_1_115' title='bbox 1275 2075 1435 2141; x_wconf 88' lang='lat' dir='ltr'><em>finit.</em></span> <span class='ocrx_word' id='word_1_116' title='bbox 1481 2075 1664 2141; x_wconf 86' lang='lat' dir='ltr'><em>deest</em></span> <span class='ocrx_word' id='word_1_117' title='bbox 1704 2076 1771 2139; x_wconf 90' lang='lat' dir='ltr'><em>in</em></span> <span class='ocrx_word' id='word_1_118' title='bbox 1816 2097 1913 2139; x_wconf 91' lang='lat' dir='ltr'><em>en.</em></span> <span class='ocrx_word' id='word_1_119' title='bbox 1960 2097 2053 2160; x_wconf 93' lang='lat' dir='ltr'><em>pr.</em></span> <span class='ocrx_word' id='word_1_120' title='bbox 2136 2077 2207 2158; x_wconf 86' lang='grc' dir='ltr'><em>β)</em></span> <span class='ocrx_word' id='word_1_121' title='bbox 2250 2073 2392 2158; x_wconf 84' lang='lat' dir='ltr'><em>Iug.</em></span> <span class='ocrx_word' id='word_1_122' title='bbox 2436 2073 2538 2154; x_wconf 82' lang='lat'><strong>27,</strong></span> <span class='ocrx_word' id='word_1_123' title='bbox 2582 2072 2622 2136; x_wconf 85' lang='lat'><strong>3</strong></span> <span class='ocrx_word' id='word_1_124' title='bbox 2664 2071 2791 2136; x_wconf 84' lang='lat' dir='ltr'><em>sed.</em></span> 
     </span>
    </p>
   </div>
   <div class='ocr_carea' id='block_1_5' title="bbox 672 2207 2860 2705">
    <p class='ocr_par' dir='ltr' id='par_1_9' title="bbox 672 2207 2860 2705">
     <span class='ocr_line' id='line_1_17' title="bbox 672 2207 1585 2295; baseline 0.001 -22"><span class='ocrx_word' id='word_1_125' title='bbox 672 2207 794 2273; x_wconf 93' lang='lat' dir='ltr'><em>III.</em></span> <span class='ocrx_word' id='word_1_126' title='bbox 855 2231 1028 2273; x_wconf 91' lang='lat' dir='ltr'><em>cum</em></span> <span class='ocrx_word' id='word_1_127' title='bbox 1069 2209 1585 2295; x_wconf 80' lang='lat' dir='ltr'><em>imperfecte.</em></span> 
     </span>
     <span class='ocr_line' id='line_1_18' title="bbox 853 2311 2855 2403; baseline -0.002 -22"><span class='ocrx_word' id='word_1_128' title='bbox 853 2339 909 2381; x_wconf 88' lang='lat' dir='ltr'><em>a.</em></span> <span class='ocrx_word' id='word_1_129' title='bbox 971 2318 1038 2380; x_wconf 90' lang='lat' dir='ltr'><em>in</em></span> <span class='ocrx_word' id='word_1_130' title='bbox 1096 2339 1192 2381; x_wconf 90' lang='lat' dir='ltr'><em>en.</em></span> <span class='ocrx_word' id='word_1_131' title='bbox 1237 2339 1332 2402; x_wconf 93' lang='lat' dir='ltr'><em>pr.</em></span> <span class='ocrx_word' id='word_1_132' title='bbox 1376 2338 1582 2403; x_wconf 87' lang='lat' dir='ltr'><em>praes.</em></span> <span class='ocrx_word' id='word_1_133' title='bbox 1639 2316 1783 2381; x_wconf 87' lang='lat' dir='ltr'><em>hist.</em></span> <span class='ocrx_word' id='word_1_134' title='bbox 1846 2326 1962 2381; x_wconf 93' lang='lat' dir='ltr'><em>est.</em></span> <span class='ocrx_word' id='word_1_135' title='bbox 2056 2320 2126 2400; x_wconf 84' lang='grc' dir='ltr'><em>β)</em></span> <span class='ocrx_word' id='word_1_136' title='bbox 2184 2315 2326 2401; x_wconf 86' lang='lat' dir='ltr'><em>Iug.</em></span> <span class='ocrx_word' id='word_1_137' title='bbox 2370 2314 2470 2398; x_wconf 83' lang='grc'><em>35,</em></span> <span class='ocrx_word' id='word_1_138' title='bbox 2513 2314 2553 2378; x_wconf 88' lang='grc'>6</span> <span class='ocrx_word' id='word_1_139' title='bbox 2611 2311 2855 2377; x_wconf 78' lang='lat' dir='ltr'><em>deinde.</em></span> 
     </span>
     <span class='ocr_line' id='line_1_19' title="bbox 975 2423 1956 2510; baseline -0.001 -21"><span class='ocrx_word' id='word_1_140' title='bbox 975 2425 1075 2508; x_wconf 91' lang='grc'>99,</span> <span class='ocrx_word' id='word_1_141' title='bbox 1123 2427 1155 2487; x_wconf 92' lang='grc'>1</span> <span class='ocrx_word' id='word_1_142' title='bbox 1203 2423 1447 2489; x_wconf 80' lang='lat' dir='ltr'><em>deinde.</em></span> <span class='ocrx_word' id='word_1_143' title='bbox 1535 2425 1673 2507; x_wconf 90' lang='grc'>106,</span> <span class='ocrx_word' id='word_1_144' title='bbox 1717 2425 1758 2488; x_wconf 93' lang='grc'>2</span> <span class='ocrx_word' id='word_1_145' title='bbox 1795 2439 1956 2510; x_wconf 83' lang='lat' dir='ltr'><em>post.</em></span> 
     </span>
     <span class='ocr_line' id='line_1_20' title="bbox 855 2527 2860 2619; baseline -0.003 -22"><span class='ocrx_word' id='word_1_146' title='bbox 855 2531 917 2598; x_wconf 91' lang='lat' dir='ltr'><em>b.</em></span> <span class='ocrx_word' id='word_1_147' title='bbox 975 2531 1327 2598; x_wconf 85' lang='lat' dir='ltr'><em>infinitivus</em></span> <span class='ocrx_word' id='word_1_148' title='bbox 1370 2532 1728 2598; x_wconf 89' lang='lat' dir='ltr'><em>historicus.</em></span> <span class='ocrx_word' id='word_1_149' title='bbox 1814 2532 1885 2612; x_wconf 89' lang='grc' dir='ltr'><em>α)</em></span> <span class='ocrx_word' id='word_1_150' title='bbox 1930 2531 2071 2619; x_wconf 86' lang='lat' dir='ltr'><em>Iug.</em></span> <span class='ocrx_word' id='word_1_151' title='bbox 2116 2529 2216 2617; x_wconf 87' lang='lat'><em>60,</em></span> <span class='ocrx_word' id='word_1_152' title='bbox 2265 2532 2317 2596; x_wconf 93' lang='lat'><em>1.</em></span> <span class='ocrx_word' id='word_1_153' title='bbox 2401 2531 2471 2616; x_wconf 85' lang='grc' dir='ltr'><em>β)</em></span> <span class='ocrx_word' id='word_1_154' title='bbox 2515 2530 2657 2614; x_wconf 88' lang='lat' dir='ltr'><em>Iug.</em></span> <span class='ocrx_word' id='word_1_155' title='bbox 2688 2527 2788 2613; x_wconf 88' lang='lat'><em>94,</em></span> <span class='ocrx_word' id='word_1_156' title='bbox 2819 2528 2860 2591; x_wconf 97' lang='grc'>2</span> 
     </span>
     <span class='ocr_line' id='line_1_21' title="bbox 975 2640 1351 2705; baseline -0.003 0"><span class='ocrx_word' id='word_1_157' title='bbox 975 2640 1199 2705; x_wconf 85' lang='lat' dir='ltr'><em>levare.</em></span> <span class='ocrx_word' id='word_1_158' title='bbox 1348 2675 1351 2676; x_wconf 36' lang='lat'><em>⁷</em></span> 
     </span>
    </p>
   </div>
   <div class='ocr_carea' id='block_1_6' title="bbox 863 2746 2125 2833">
    <p class='ocr_par' dir='ltr' id='par_1_10' title="bbox 863 2746 2125 2833">
     <span class='ocr_line' id='line_1_22' title="bbox 863 2746 2125 2833; baseline -0.001 -21"><span class='ocrx_word' id='word_1_159' title='bbox 863 2771 914 2812; x_wconf 91' lang='lat' dir='ltr'><em>c.</em></span> <span class='ocrx_word' id='word_1_160' title='bbox 972 2748 1435 2833; x_wconf 88' lang='lat' dir='ltr'><em>imperfectum.</em></span> <span class='ocrx_word' id='word_1_161' title='bbox 1520 2747 1590 2832; x_wconf 90' lang='grc' dir='ltr'><em>α)</em></span> <span class='ocrx_word' id='word_1_162' title='bbox 1634 2746 1777 2832; x_wconf 84' lang='lat' dir='ltr'><em>Iug.</em></span> <span class='ocrx_word' id='word_1_163' title='bbox 1819 2748 1921 2832; x_wconf 88' lang='grc'><em>55,</em></span> <span class='ocrx_word' id='word_1_164' title='bbox 1964 2748 2022 2811; x_wconf 90' lang='lat'><em>4.</em></span> <span class='ocrx_word' id='word_1_165' title='bbox 2067 2747 2125 2811; x_wconf 84' lang='lat'><em>7.</em></span> 
     </span>
    </p>
   </div>
   <div class='ocr_carea' id='block_1_7' title="bbox 679 2878 2867 3399">
    <p class='ocr_par' dir='ltr' id='par_1_11' title="bbox 679 2878 2867 3399">
     <span class='ocr_line' id='line_1_23' title="bbox 679 2878 2030 2965; baseline 0 -21"><span class='ocrx_word' id='word_1_166' title='bbox 679 2878 796 2964; x_wconf 86' lang='lat' dir='ltr'><em>IV.</em></span> <span class='ocrx_word' id='word_1_167' title='bbox 858 2902 1035 2944; x_wconf 91' lang='lat' dir='ltr'><em>cum</em></span> <span class='ocrx_word' id='word_1_168' title='bbox 1077 2880 1926 2965; x_wconf 79' lang='lat' dir='ltr'><em>plusquamperfecto,</em></span> <span class='ocrx_word' id='word_1_169' title='bbox 2009 2879 2030 2897; x_wconf 78' lang='lat'><strong>&#39;</strong></span> 
     </span>
     <span class='ocr_line' id='line_1_24' title="bbox 859 2987 2867 3074; baseline -0.002 -20"><span class='ocrx_word' id='word_1_170' title='bbox 859 3012 914 3054; x_wconf 85' lang='lat' dir='ltr'><em>a.</em></span> <span class='ocrx_word' id='word_1_171' title='bbox 976 2988 1349 3074; x_wconf 90' lang='lat' dir='ltr'><em>perfectum.</em></span> <span class='ocrx_word' id='word_1_172' title='bbox 1453 2989 1524 3073; x_wconf 86' lang='grc' dir='ltr'><em>β)</em></span> <span class='ocrx_word' id='word_1_173' title='bbox 1585 2988 1726 3053; x_wconf 86' lang='lat' dir='ltr'><em>Cat.</em></span> <span class='ocrx_word' id='word_1_174' title='bbox 1789 2987 1848 3072; x_wconf 88' lang='grc'>6,</span> <span class='ocrx_word' id='word_1_175' title='bbox 1891 2988 1933 3052; x_wconf 87' lang='lat'><strong>5</strong></span> <span class='ocrx_word' id='word_1_176' title='bbox 1983 2999 2143 3074; x_wconf 77' lang='lat' dir='ltr'><em>post.</em></span> <span class='ocrx_word' id='word_1_177' title='bbox 2253 2989 2311 3071; x_wconf 92' lang='grc'>9,</span> <span class='ocrx_word' id='word_1_178' title='bbox 2354 2989 2395 3052; x_wconf 88' lang='grc'><strong>3</strong></span> <span class='ocrx_word' id='word_1_179' title='bbox 2459 2987 2704 3051; x_wconf 82' lang='lat' dir='ltr'><em>duabus</em></span> <span class='ocrx_word' id='word_1_180' title='bbox 2766 2987 2867 3050; x_wconf 75' lang='lat' dir='ltr'><em>his</em></span> 
     </span>
     <span class='ocr_line' id='line_1_25' title="bbox 982 3082 2863 3183; baseline -0.002 -23"><span class='ocrx_word' id='word_1_181' title='bbox 982 3096 1242 3162; x_wconf 65' lang='lat' dir='ltr'><em>artibus.</em></span> <span class='ocrx_word' id='word_1_182' title='bbox 1318 3082 1414 3176; x_wconf 81' lang='lat'><em>13,</em></span> <span class='ocrx_word' id='word_1_183' title='bbox 1456 3097 1498 3160; x_wconf 87' lang='lat'><strong>4</strong></span> <span class='ocrx_word' id='word_1_184' title='bbox 1538 3097 1707 3161; x_wconf 65' lang='lat' dir='ltr'><em>haec.</em></span> <span class='ocrx_word' id='word_1_185' title='bbox 1776 3097 1873 3181; x_wconf 86' lang='lat'><strong>16,</strong></span> <span class='ocrx_word' id='word_1_186' title='bbox 1915 3097 1956 3160; x_wconf 82' lang='lat'>2</span> <span class='ocrx_word' id='word_1_187' title='bbox 1996 3110 2157 3183; x_wconf 69' lang='lat' dir='ltr'><em>post.</em></span> <span class='ocrx_word' id='word_1_188' title='bbox 2228 3097 2370 3182; x_wconf 78' lang='lat' dir='ltr'><em>lug.</em></span> <span class='ocrx_word' id='word_1_189' title='bbox 2412 3095 2514 3179; x_wconf 89' lang='grc' dir='ltr'><em>5ο,</em></span> <span class='ocrx_word' id='word_1_190' title='bbox 2544 3095 2586 3159; x_wconf 96' lang='grc'>5</span> <span class='ocrx_word' id='word_1_191' title='bbox 2614 3095 2863 3181; x_wconf 66' lang='lat' dir='ltr'><em>equites.</em></span> 
     </span>
     <span class='ocr_line' id='line_1_26' title="bbox 979 3201 1326 3289; baseline -0.009 -18"><span class='ocrx_word' id='word_1_192' title='bbox 979 3206 1079 3289; x_wconf 87' lang='lat'><strong>60,</strong></span> <span class='ocrx_word' id='word_1_193' title='bbox 1121 3206 1162 3269; x_wconf 87' lang='lat'><strong>3</strong></span> <span class='ocrx_word' id='word_1_194' title='bbox 1203 3201 1326 3269; x_wconf 89' lang='lat' dir='ltr'><em>illi.</em></span> 
     </span>
     <span class='ocr_line' id='line_1_27' title="bbox 871 3311 2463 3399; baseline -0.002 -22"><span class='ocrx_word' id='word_1_195' title='bbox 871 3313 927 3378; x_wconf 90' lang='lat' dir='ltr'><em>b.</em></span> <span class='ocrx_word' id='word_1_196' title='bbox 987 3313 1696 3399; x_wconf 83' lang='lat' dir='ltr'><em>plusquamperfectum.</em></span> <span class='ocrx_word' id='word_1_197' title='bbox 1781 3312 1851 3395; x_wconf 86' lang='grc' dir='ltr'><em>β)</em></span> <span class='ocrx_word' id='word_1_198' title='bbox 1898 3311 2038 3377; x_wconf 86' lang='lat' dir='ltr'><em>Cat.</em></span> <span class='ocrx_word' id='word_1_199' title='bbox 2081 3311 2183 3395; x_wconf 91' lang='grc'><em>24,</em></span> <span class='ocrx_word' id='word_1_200' title='bbox 2226 3312 2264 3375; x_wconf 90' lang='grc'><strong>3</strong></span> <span class='ocrx_word' id='word_1_201' title='bbox 2300 3324 2463 3397; x_wconf 83' lang='lat' dir='ltr'><em>post.</em></span> 
     </span>
    </p>
   </div>
   <div class='ocr_carea' id='block_1_8' title="bbox 713 3444 2867 3853">
    <p class='ocr_par' dir='ltr' id='par_1_12' title="bbox 713 3444 2867 3853">
     <span class='ocr_line' id='line_1_28' title="bbox 713 3444 1480 3511; baseline -0.003 0"><span class='ocrx_word' id='word_1_202' title='bbox 713 3446 793 3511; x_wconf 89' lang='lat' dir='ltr'><em>V.</em></span> <span class='ocrx_word' id='word_1_203' title='bbox 857 3468 1024 3511; x_wconf 91' lang='lat' dir='ltr'><em>cum</em></span> <span class='ocrx_word' id='word_1_204' title='bbox 1068 3447 1347 3510; x_wconf 90' lang='lat' dir='ltr'><em>futuro</em></span> <span class='ocrx_word' id='word_1_205' title='bbox 1392 3444 1480 3510; x_wconf 88' lang='lat' dir='ltr'><em>H.</em></span> 
     </span>
     <span class='ocr_line' id='line_1_29' title="bbox 984 3533 2867 3637; baseline -0.003 -19"><span class='ocrx_word' id='word_1_206' title='bbox 984 3553 1055 3636; x_wconf 80' lang='grc' dir='ltr'><em>α)</em></span> <span class='ocrx_word' id='word_1_207' title='bbox 1101 3554 1241 3619; x_wconf 77' lang='lat' dir='ltr'><em>cat.</em></span> <span class='ocrx_word' id='word_1_208' title='bbox 1281 3556 1381 3637; x_wconf 84' lang='lat'><strong>51,</strong></span> <span class='ocrx_word' id='word_1_209' title='bbox 1425 3552 1505 3616; x_wconf 84' lang='lat'><em>36</em></span> <span class='ocrx_word' id='word_1_210' title='bbox 1567 3533 1682 3616; x_wconf 52' lang='lat' dir='ltr'><em>aba·</em></span> <span class='ocrx_word' id='word_1_211' title='bbox 1732 3552 2035 3629; x_wconf 60' lang='lat' dir='ltr'><em>adamarit,</em></span> <span class='ocrx_word' id='word_1_212' title='bbox 2099 3552 2240 3637; x_wconf 69' lang='lat' dir='ltr'><em>quis</em></span> <span class='ocrx_word' id='word_1_213' title='bbox 2297 3563 2541 3615; x_wconf 59' lang='lat' dir='ltr'><em>namet.</em></span> <span class='ocrx_word' id='word_1_214' title='bbox 2639 3549 2739 3633; x_wconf 81' lang='lat'><strong>52,</strong></span> <span class='ocrx_word' id='word_1_215' title='bbox 2782 3549 2867 3613; x_wconf 81' lang='lat'><em>29</em></span> 
     </span>
     <span class='ocr_line' id='line_1_30' title="bbox 987 3658 2866 3747; baseline -0.002 -22"><span class='ocrx_word' id='word_1_216' title='bbox 987 3662 1101 3726; x_wconf 82' lang='lat' dir='ltr'><em>ubi</em></span> <span class='ocrx_word' id='word_1_217' title='bbox 1136 3661 1486 3726; x_wconf 80' lang='lat' dir='ltr'><em>tradideris</em></span> <span class='ocrx_word' id='word_1_218' title='bbox 1526 3661 1841 3747; x_wconf 77' lang='lat' dir='ltr'><em>implores.</em></span> <span class='ocrx_word' id='word_1_219' title='bbox 1937 3662 2006 3741; x_wconf 83' lang='grc' dir='ltr'><em>β)</em></span> <span class='ocrx_word' id='word_1_220' title='bbox 2054 3660 2193 3725; x_wconf 83' lang='lat' dir='ltr'><em>Cat.</em></span> <span class='ocrx_word' id='word_1_221' title='bbox 2243 3662 2297 3743; x_wconf 92' lang='lat'><strong>1,</strong></span> <span class='ocrx_word' id='word_1_222' title='bbox 2341 3661 2381 3723; x_wconf 96' lang='grc'>6</span> <span class='ocrx_word' id='word_1_223' title='bbox 2444 3671 2518 3738; x_wconf 88' lang='lat' dir='ltr'><em>et,</em></span> <span class='ocrx_word' id='word_1_224' title='bbox 2577 3658 2689 3722; x_wconf 81' lang='lat' dir='ltr'><em>ubi</em></span> <span class='ocrx_word' id='word_1_225' title='bbox 2723 3680 2866 3721; x_wconf 79' lang='lat' dir='ltr'><em>eon-</em></span> 
     </span>
     <span class='ocr_line' id='line_1_31' title="bbox 983 3770 1419 3853; baseline 0 -19"><span class='ocrx_word' id='word_1_226' title='bbox 983 3770 1271 3853; x_wconf 79' lang='lat' dir='ltr'><em>sulueris,</em></span> <span class='ocrx_word' id='word_1_227' title='bbox 1314 3782 1419 3834; x_wconf 89' lang='lat' dir='ltr'><em>est.</em></span> 
     </span>
    </p>
   </div>
   <div class='ocr_carea' id='block_1_9' title="bbox 688 3903 2870 4095">
    <p class='ocr_par' dir='ltr' id='par_1_13' title="bbox 688 3903 2870 4095">
     <span class='ocr_line' id='line_1_32' title="bbox 688 3903 1522 3989; baseline -0.002 -22"><span class='ocrx_word' id='word_1_228' title='bbox 688 3903 805 3968; x_wconf 94' lang='lat' dir='ltr'><em>VI.</em></span> <span class='ocrx_word' id='word_1_229' title='bbox 866 3925 1034 3968; x_wconf 89' lang='lat' dir='ltr'><em>cum</em></span> <span class='ocrx_word' id='word_1_230' title='bbox 1076 3903 1522 3989; x_wconf 86' lang='lat' dir='ltr'><em>praesenti.</em></span> 
     </span>
     <span class='ocr_line' id='line_1_33' title="bbox 985 4004 2870 4095; baseline -0.003 -21"><span class='ocrx_word' id='word_1_231' title='bbox 985 4010 1055 4094; x_wconf 84' lang='grc' dir='ltr'><em>β)</em></span> <span class='ocrx_word' id='word_1_232' title='bbox 1113 4010 1254 4093; x_wconf 86' lang='lat' dir='ltr'><em>Iug.</em></span> <span class='ocrx_word' id='word_1_233' title='bbox 1311 4010 1364 4093; x_wconf 95' lang='lat'><strong>1,</strong></span> <span class='ocrx_word' id='word_1_234' title='bbox 1412 4011 1453 4075; x_wconf 88' lang='lat'><strong>3</strong></span> <span class='ocrx_word' id='word_1_235' title='bbox 1511 4011 1640 4095; x_wconf 78' lang='lat' dir='ltr'><em>qui,</em></span> <span class='ocrx_word' id='word_1_236' title='bbox 1699 4007 1813 4071; x_wconf 82' lang='lat' dir='ltr'><em>ubi</em></span> <span class='ocrx_word' id='word_1_237' title='bbox 1857 4020 2213 4093; x_wconf 72' lang='lat' dir='ltr'><em>⁸qrassatur,</em></span> <span class='ocrx_word' id='word_1_238' title='bbox 2268 4017 2372 4069; x_wconf 86' lang='lat' dir='ltr'><em>est.</em></span> <span class='ocrx_word' id='word_1_239' title='bbox 2459 4026 2547 4068; x_wconf 91' lang='lat' dir='ltr'><em>or.</em></span> <span class='ocrx_word' id='word_1_240' title='bbox 2607 4004 2768 4068; x_wconf 91' lang='lat' dir='ltr'><em>Phil.</em></span> <span class='ocrx_word' id='word_1_241' title='bbox 2828 4006 2870 4069; x_wconf 92' lang='grc'>9</span> 
     </span>
    </p>
   </div>
   <div class='ocr_carea' id='block_1_10' title="bbox 988 4117 1805 4202">
    <p class='ocr_par' dir='ltr' id='par_1_14' title="bbox 988 4117 1805 4202">
     <span class='ocr_line' id='line_1_34' title="bbox 988 4117 1805 4202; baseline -0.002 -21"><span class='ocrx_word' id='word_1_242' title='bbox 988 4141 1156 4197; x_wconf 77' lang='lat' dir='ltr'><em>nam,</em></span> <span class='ocrx_word' id='word_1_243' title='bbox 1199 4117 1314 4180; x_wconf 80' lang='lat' dir='ltr'><em>ubi</em></span> <span class='ocrx_word' id='word_1_244' title='bbox 1348 4131 1674 4202; x_wconf 72' lang='lat' dir='ltr'><em>secuntur,</em></span> <span class='ocrx_word' id='word_1_245' title='bbox 1700 4128 1805 4179; x_wconf 87' lang='lat' dir='ltr'><em>est.</em></span> 
     </span>
    </p>
   </div>
  </div>
 </body>
</html>
