3181 5188
1401 442 1484 506 69

638 641 958 727 principis
999 654 1054 705 et
1092 642 1577 728 intemperantia
1620 642 1917 723 civitatis,
1978 641 2169 706 donec
2213 667 2375 706 unus
2416 643 2525 708 εΜ-

637 762 848 837 9atur,
889 749 1114 813 multos
1160 747 1546 814 destinandi.

1361 1305 1519 1371 Ubi

1039 1438 1249 1524 apud
1307 1438 1822 1505 Sallustium.

403 1576 687 1646 I.'eum
726 1582 1132 1667 perfecto,

521 1738 577 1781 a.
644 1718 712 1779 in
754 1717 1083 1780 enuntiato
1126 1717 1427 1802 primario
1488 1736 1793 1800 praesens
1848 1724 1963 1779 est.
2065 1716 2135 1798 β)
2182 1713 2322 1780 Cat.
2379 1715 2439 1800 2,
2483 1716 2526 1780 5

642 1824 928 1906 (verum).
1032 1823 1175 1908 Iug.
1220 1824 1317 1907 75,
1366 1824 1401 1886 7
1458 1822 1700 1887 deinde.
1808 1844 1897 1886 or.
1941 1822 2147 1887 Macri
2186 1822 2268 1886 22
2331 1846 2523 1907 quem.

519 1933 581 1997 b.
644 1931 1016 2017 perfectum.
1124 1930 1195 2014 α)
1252 1930 1396 2015 Iug.
1458 1931 1558 2014 97,
1603 1931 1661 1995 2.
1764 1929 1835 2014 β)
1883 1928 2023 1995 Cat.
2066 1931 2125 2015 4,
2173 1931 2207 1994 1
2251 1931 2524 2018 (iyitur).

640 2040 816 2123 10,1
874 2037 1001 2103 sed.
1086 2039 1185 2119 23,
1232 2038 1271 2101 6
1328 2037 1455 2102 sed.
1563 2039 1663 2121 39,
1707 2038 1748 2101 3
1807 2037 1934 2102 sed.
2017 2039 2121 2122 40,
2183 2038 2224 2102 2
2293 2039 2523 2124 itaque.

638 2148 740 2230 45,
782 2146 825 2208 4
867 2144 1111 2210 deinde.
1194 2146 1296 2227 50,
1338 2147 1380 2211 5
1423 2146 1657 2210 consul.
1741 2147 1843 2230 57,
1886 2147 1927 2210 3
1968 2146 2183 2233 iqitur.
2276 2146 2418 2231 Iug.
2461 2147 2520 2230 6,

643 2256 674 2319 1
720 2255 847 2340 qui.
930 2254 1111 2338 29,1
1156 2253 1283 2318 sed.
1368 2255 1470 2338 39,
1517 2256 1547 2318 1
1595 2253 1722 2318 sed.
1802 2255 1905 2338 41,
1948 2253 1988 2318 3
2030 2253 2158 2318 sed.
2235 2255 2312 2319 10
2352 2278 2520 2319 nam.

637 2362 817 2445 46,1
863 2363 1102 2426 interea
1141 2361 1469 2449 laquo-tha.
1554 2362 1730 2446 48,1
1787 2361 2106 2449 [uqurtka.
2176 2362 2278 2445 50,
2313 2364 2346 2426 1
2394 2362 2522 2427 sed.

634 2468 732 2553 62,
790 2468 829 2532 8
891 2468 1219 2555 quurtka.
1328 2468 1428 2552 63,
1481 2469 1522 2532 3
1584 2468 1699 2533 sed
1751 2469 1829 2533 is,
1935 2467 2114 2553 69,1
2193 2468 2521 2556 Vayemes.

637 2576 734 2657 89,
780 2576 820 2640 3
882 2575 1012 2642 sed.

520 2733 572 2774 c.
638 2731 939 2795 praesens
982 2710 1374 2775 historicum.
1480 2710 1550 2794 α)
1599 2708 1740 2773 Cat.
1801 2711 1901 2792 36,
1945 2710 2006 2774 2.
2089 2709 2190 2792 59,
2238 2710 2292 2773 1.
2376 2709 2520 2794 Iug.

644 2818 777 2901 101,
823 2818 878 2881 7.
961 2818 1051 2902 β)
1078 2817 1219 2882 Cat.
1267 2818 1362 2902 17,
1405 2818 1446 2882 2
1488 2818 1614 2882 ubi.
1704 2817 1804 2902 27,
1848 2818 1888 2881 3
1926 2831 2256 2903 postremo.
2340 2818 2517 2902 47,1

565 2938 790 3009 post.
877 2925 980 3008 48,
1038 2925 1081 2989 5
1143 2924 1270 2989 sed.
1353 2924 1454 3006 50,
1494 2925 1550 3006 3
1613 2924 1847 2989 consul.
1932 2925 2075 3010 Iug.
2138 2926 2240 3010 21,
2296 2925 2337 2990 2
2391 2924 2521 2990 sed.

634 3033 734 3115 33,
775 3032 836 3096 4.
867 3045 1037 3119 post.
1124 3032 1224 3116 34,
1271 3033 1305 3096 1
1351 3032 1594 3097 deinde.
1680 3033 1782 3117 52,
1824 3034 1867 3099 5
1908 3034 2254 3098 Bomilcar.
2334 3035 2436 3119 53,
2478 3035 2521 3099 2

634 3138 877 3204 deinde.
962 3140 1062 3224 60,
1107 3141 1143 3204 7
1189 3138 1433 3205 deinde.
1517 3141 1618 3226 62,
1670 3145 1696 3205 1
1744 3142 1820 3205 2⁶3.
1904 3142 2004 3225 66,
2047 3143 2088 3206 3
2131 3141 2258 3207 sed.
2341 3141 2516 3226 68,1

637 3246 879 3311 deinde.
986 3248 1086 3331 71,
1127 3249 1168 3312 5
1222 3247 1583 3313 Nabdalsa.
1685 3248 1784 3334 73,
1832 3250 1866 3313 1
1931 3249 2239 3314 Metellae.
2337 3250 2436 3334 78,
2480 3250 2522 3314 3

633 3377 800 3419 nam.
901 3355 999 3438 79,
1043 3355 1083 3419 6
1147 3379 1313 3420 nam.
1413 3356 1513 3440 85,
1558 3357 1643 3421 42
1703 3381 1872 3423 nam.
1975 3357 2075 3440 87,
2117 3358 2159 3420 4
2223 3369 2291 3421 at
2329 3380 2518 3443 reyes.

640 3463 838 3549 104‚1
889 3463 1160 3528 Marius.
1247 3464 1387 3548 109,
1414 3464 1612 3528 4sed.
1688 3464 1827 3550 113,
1861 3465 1901 3530 5
1931 3464 2173 3529 deinde.
2243 3465 2344 3549 43,
2373 3464 2414 3528 2
2442 3465 2517 3528 is.

514 3594 574 3659 d.
635 3595 986 3659 infinitivus
1027 3596 1382 3661 historicus.
1470 3596 1541 3681 α)
1593 3597 1734 3662 Cat.
1777 3598 1877 3682 40,
1921 3598 1984 3663 4.
2072 3598 2173 3684 51,
2201 3598 2300 3663 36.
2370 3595 2515 3680 Iug.

633 3703 733 3786 60,
777 3705 836 3768 5.
921 3703 992 3787 β)
1036 3703 1177 3787 Iug.
1222 3703 1322 3788 94,
1365 3705 1407 3768 3
1451 3705 1725 3769 Marius.

517 3857 570 3899 e.
633 3835 1342 3921 plusquamperfectum.
1427 3837 1497 3918 β)
1540 3836 1685 3921 Iug.
1730 3838 1789 3922 9,
1834 3838 1874 3902 3
1914 3837 2112 3925 iqitur
2151 3860 2268 3901 res.

514 3966 560 4030 f.
631 3966 1090 4050 imperfectum.
1173 3967 1243 4052 β)
1287 3967 1431 4052 Iug.
1474 3969 1577 4053 25,
1621 3969 1660 4033 6
1702 3969 1828 4033 ille.
1911 3971 1979 4054 γ)
2022 3969 2164 4054 Iug.
2212 3969 2309 4053 71,
2351 3971 2410 4034 2.

517 4120 579 4183 g.
632 4098 903 4170 *verbum
947 4122 1045 4164 en.
1092 4122 1188 4186 pr.
1233 4100 1431 4166 deest.
1516 4102 1586 4187 β)
1635 4102 1776 4168 Cat.
1824 4104 1920 4185 10,
1962 4103 2003 4168 6
2032 4117 2202 4189 post.
