3181 5188
1417 593 1496 657 47

661 794 885 873 iratus,
930 805 1265 878 antequam
1307 831 1386 840 —
1429 793 1785 878 offenderet.
1871 792 2019 857 hist.
2058 792 2129 857 Π
2170 793 2251 857 96
2294 794 2544 858 nuntia·

665 914 786 982 tur,
830 901 1040 964 missis
1081 901 1382 986 epistolis,
1426 915 1760 987 antequam
1790 900 2260 990 adqreqaretur.
2339 901 2437 966 IV
2465 903 2546 965 52

674 1009 902 1088 Titum,
962 1021 1294 1094 antequam
1356 1008 1805 1097 dim-ederetur,
1867 1031 2079 1073 orasse
2128 1008 2365 1092 ferunt.
2449 1008 2547 1073 IV

669 1116 749 1179 79
790 1114 957 1180 unde
995 1129 1192 1180 metus
1245 1129 1301 1180 et
1356 1117 1560 1180 iustae
1601 1138 1823 1202 preces
1878 1116 2324 1195 invocantium,
2381 1130 2544 1181 ante·

660 1247 848 1308 quam
891 1224 1376 1310 accinqerentur.

1094 1438 1336 1524 Apud
1389 1438 1827 1503 Velleium.

360 1596 416 1661 Ι.
493 1618 663 1660 cum
707 1597 1250 1661 coniunctivo
1295 1595 1793 1680 imperfecti.

539 1752 597 1793 a.
659 1731 724 1792 in
791 1731 1118 1794 enuntiato
1190 1728 1565 1793 secundario
1638 1726 2020 1792 indicativus
2091 1738 2189 1793 est
2260 1730 2545 1814 perfecti.

661 1837 732 1920 α)
776 1836 812 1901 Ι
857 1837 952 1921 13,
1000 1838 1053 1901 1.
1124 1835 1195 1900 Π
1238 1837 1338 1921 93,
1387 1837 1440 1900 1.
1541 1836 1616 1919 β)
1659 1836 1729 1901 Π
1772 1837 1872 1918 30,
1918 1837 1979 1901 2.
2069 1837 2168 1920 62,
2219 1839 2271 1901 1.
2343 1838 2441 1920 84,
2491 1840 2546 1901 1.

677 1946 776 2009 87.
818 1946 877 2009 3.
961 1946 1028 2029 γ)
1071 1944 1106 2010 Ι
1149 1945 1207 2029 8,
1256 1946 1310 2009 1.
1383 1945 1480 2025 12,
1524 1945 1582 2009 6.
1669 1944 1734 2028 δ)
1778 1943 1849 2008 II
1895 1944 2031 2028 112,
2074 1945 2133 2009 5.
2579 1948 2580 1951 ’

558 2053 619 2117 b.
679 2054 743 2116 in
802 2055 1132 2118 enuntiato
1190 2054 1491 2138 primario
1567 2062 1667 2117 est
1729 2053 2110 2117 indicativus
2189 2053 2550 2137 plusquam-

662 2161 949 2246 perfecti.
1035 2161 1106 2246 a)
1149 2160 1220 2225 Π
1263 2162 1361 2244 28,
1410 2161 1464 2224 1.

358 2303 449 2367 Π.
522 2325 693 2367 cum
734 2303 1212 2367 indicativo
1256 2302 1649 2387 perfecti.

539 2458 596 2500 a.
659 2438 725 2500 in
770 2437 1101 2501 enuntiato
1144 2437 1445 2520 primario
1491 2445 1589 2499 est
1632 2434 1821 2499 indic.
1866 2435 2027 2520 perf.
2114 2435 2181 2518 δ)
2225 2435 2296 2500 Π
2340 2437 2441 2519 45,
2485 2437 2544 2501 5.

543 2543 606 2609 b.
666 2546 980 2609 coniunct.
1024 2545 1230 2629 plusq.
1313 2546 1383 2628 β)
1426 2542 1498 2608 Π
1539 2544 1643 2628 48,
1687 2544 1745 2609 2.

358 2686 485 2751 ΠΙ.
530 2686 713 2750 Haec
754 2695 1000 2751 restant
1042 2685 1372 2769 exempla:
1415 2684 1451 2749 I
1493 2686 1550 2768 7,
1596 2686 1637 2749 3
1680 2684 1791 2748 sed
1834 2685 2098 2750 Marcus
2132 2687 2305 2769 Cato,
2347 2711 2545 2772 quan-

660 2807 790 2858 tum
833 2793 1077 2878 differt,
1133 2793 1249 2878 qui
1306 2792 1499 2871 dicat,
1561 2793 1799 2857 stetisse
1862 2792 2150 2879 Capuam
2210 2807 2544 2880 antequam

661 2927 702 2965 a
747 2902 1058 2966 Romanis
1111 2913 1434 2986 caperetur
1499 2902 1689 2965 annis
1747 2902 2001 2965 circiter
2063 2900 2346 2966 ducentis
2410 2926 2544 2966 sea:-

662 3010 902 3096 aqinta.
987 3009 1056 3073 II
1096 3009 1197 3092 49,
1242 3008 1282 3072 3
1327 3008 1492 3073 nihil
1533 3022 1843 3095 receptum
1886 3033 1927 3072 a
1962 3009 2367 3095 Pompeianis
2409 3034 2546 3073 cum

663 3118 823 3181 alter
865 3117 1086 3182 consul
1117 3117 1280 3181 iusto
1310 3130 1460 3180 esset
1481 3116 1792 3200 ferocior,
1832 3116 2139 3180 Lentulus
2174 3117 2393 3181 salvus
2421 3140 2548 3182 esse

658 3249 781 3290 non
813 3236 1063 3310 posset,
1125 3224 1215 3287 M.
1261 3237 1466 3287 autem
1513 3223 1668 3287 Cato
1719 3223 2107 3287 moriendum
2152 3238 2312 3305 ante,
2356 3249 2545 3310 quam

656 3333 859 3397 ullam
917 3331 1340 3397 condicionem
1395 3334 1580 3417 pacis
1644 3331 2082 3417 accipiendam
2125 3334 2223 3396 rei
2252 3333 2547 3418 publicae

562 3431 563 3434 ¹
662 3439 1016 3505 ostenderet.
1102 3441 1236 3522 129,
1261 3439 1302 3503 3
1340 3441 1506 3504 mira
1550 3439 1863 3504 celeritate
1904 3441 2266 3526 compressit
2303 3453 2369 3505 ut
2405 3455 2548 3504 ante

652 3548 930 3635 populus
951 3547 1276 3611 Romanus
1297 3549 1520 3612 vicisse
1553 3571 1634 3629 se,
1664 3572 1853 3633 quam
1883 3548 2116 3611 bellare
2141 3562 2543 3636 coqnosceret.

523 3681 719 3766 Apud
782 3681 1061 3747 Sallus
1084 3681 1290 3744 tium
1369 3679 1677 3744 habemus
1749 3703 1877 3744 uno
1941 3682 2080 3745 loco
2147 3680 2544 3744 enuntiatum

358 3813 399 3855 a
437 3790 753 3876 particula
795 3802 1128 3873 antequam
1170 3789 1518 3873 incipiens:
1561 3785 1705 3871 Iug.
1747 3788 1846 3871 97,
1878 3789 1921 3851 4
1962 3802 2017 3853 et
2050 3791 2544 3875 priusquam

358 3900 668 3963 exercitus
711 3910 822 3961 aut
864 3897 1114 3977 instrui,
1159 3909 1270 3960 aut
1311 3896 1604 3960 sarcinas
1646 3896 1952 3983 colliqere,
2005 3897 2270 3983 denique
2313 3923 2409 3962 an
2431 3913 2544 3962 te-

358 4030 584 4092 quam
654 4009 900 4092 siqnum
974 4017 1082 4068 aut
1155 4005 1487 4089 imperium
1550 4003 1753 4067 ullum
1817 4006 2101 4089 accipere
2165 4006 2384 4090 quivit,
2447 4006 2544 4070 in-

356 4129 638 4178 currunt.
