3181 5188
1684 575 1768 639 40

644 780 719 844 F.
779 780 856 844 in
900 779 1338 845 enuntiato
1379 775 1887 842 secundario
1921 776 2313 839 omissum
2351 772 2840 838 estverbum

785 885 1443 950 substantivum:
1514 884 1658 968 Iug.
1716 885 1815 965 91,
1875 884 1914 947 3
1973 882 2137 966 dein,
2208 895 2545 968 postquam
2610 882 2833 966 visum,

790 993 1125 1082 eqreditur.
1215 994 1351 1076 109,
1395 993 1437 1057 2
1480 993 1560 1056 cf.
1610 993 1802 1056 etiam
1837 1016 1852 1056 :
1895 991 2038 1075 Iug.
2081 991 2181 1074 27,
2228 992 2283 1054 1.
2342 991 2440 1075 79,
2486 991 2543 1055 7.

652 1145 734 1212 G.
787 1148 1315 1219 enuntiatum
1401 1143 1983 1208 secundarium
2078 1142 2387 1227 pendet
2489 1164 2645 1205 non
2746 1163 2841 1205 ex

784 1252 1044 1317 verbo
1087 1253 1431 1336 regenti
1476 1252 1903 1315 enuntiati
1960 1251 2362 1335 primarii.
2467 1248 2610 1333 Iug.
2656 1250 2755 1332 85,
2806 1252 2837 1312 1

793 1361 920 1425 scio
979 1360 1309 1445 plerosque
1366 1373 1573 1445 petere
1632 1373 1688 1424 et
1736 1372 2071 1445 postquam
2134 1358 2357 1443 adepti
2410 1372 2554 1421 sunt
2611 1374 2840 1443 yerere.

749 1460 753 1465 ¹
788 1470 887 1552 88,
938 1472 966 1531 1
1012 1470 1348 1554 excipitur,
1403 1468 1584 1554 plebi
1630 1468 2059 1552 patribusque,
2096 1480 2430 1552 postquam
2477 1464 2842 1543 decesserat,

787 1578 974 1641 iuxta
1038 1599 1244 1645 carus.
1346 1575 1446 1657 85,
1496 1575 1573 1639 12
1649 1575 1798 1650 scio,
1867 1576 1995 1660 qui,
2051 1588 2389 1660 postquam
2447 1574 2620 1653 facti
2676 1586 2843 1651 sunt,

790 1684 1121 1769 coeperint.
1209 1683 1346 1764 108,
1396 1685 1427 1745 1
1474 1682 1715 1768 aqebat‚
1767 1684 2157 1768 praemissus
2200 1708 2240 1746 a
2282 1681 2611 1769 quurtha,
2664 1693 2841 1766 post-

786 1816 975 1878 quam
1032 1789 1386 1855 audiverat.
1496 1812 1594 1874 ep.
1652 1788 1855 1854 Mithr
1899 1791 1974 1854 17
2036 1816 2121 1855 an
2184 1793 2444 1877 iquoras
2501 1789 2841 1867 Romanos,

696 1910 699 1913 ’
784 1914 1123 1986 postquam
1162 1899 1337 1984 fecit,
1385 1900 1777 1966 convertisse.

650 2051 736 2115 H.
794 2051 972 2125 Duo
1015 2051 1176 2114 loci
1220 2050 1594 2134 corrupti
1636 2058 1874 2114 sunt:
1917 2049 2060 2133 Iug.
2105 2050 2204 2128 92,
2253 2049 2307 2113 1.
2373 2048 2473 2132 93,
2517 2049 2576 2112 3.

816 2167 941 2232 His
983 2167 1143 2231 haec
1184 2165 1480 2231 addenda
1522 2176 1673 2231 sunt
1716 2190 1730 2230 t

816 2276 880 2359 1)
933 2274 1240 2338 habemus
1310 2276 1377 2338 in
1452 2275 1798 2339 enuntiatis
1865 2272 2256 2337 secundariis
2338 2273 2654 2338 Catilinae
2725 2296 2841 2337 un-

931 2382 1243 2466 deviginti
1325 2382 1614 2468 perfecta
1630 2432 1649 2466 ‚
1750 2380 1861 2445 sed
1947 2391 2249 2466 quattuor
2325 2390 2577 2445 tantum
2660 2403 2839 2466 prae-

927 2491 1134 2554 sentia
1196 2490 1531 2575 historica,
1600 2511 1764 2575 quae
1838 2491 2050 2553 omnia
2109 2488 2288 2553 verbi
2352 2498 2502 2553 sunt
2561 2488 2840 2553 videndi.

932 2598 1302 2684 (postquam
1346 2598 1566 2682 videt),
1633 2607 1857 2661 contra
1915 2599 1982 2661 in
2042 2599 2387 2662 enuntiatis
2450 2597 2841 2662 secundariis

930 2705 1078 2769 belli
1120 2705 1487 2790 Iugurthini
1546 2707 1958 2770 inveniuntur
2015 2707 2283 2789 triginta
2345 2705 2469 2770 duo
2532 2705 2839 2792 perfecta,

932 2813 1294 2898 quindecim
1350 2814 1716 2898 praesentia
1772 2812 2078 2877 historica
2133 2834 2402 2898 quorum
2463 2814 2843 2898 praesertim

929 2922 1236 2985 nonnulla
1292 2921 1559 2985 aliorum
1621 2922 1815 2986 etiam
1857 2921 2199 2986 verborum
2261 2931 2411 2986 sunt
2474 2923 2838 3007 (postquam

931 3028 1142 3093 videt:
1199 3028 1343 3112 Iug.
1391 3028 1486 3093 15.
1531 3030 1632 3093 20.
1674 3029 1758 3094 53
1800 3028 2030 3093 vident.
2089 3030 2189 3094 61.
2254 3030 2355 3093 76.
2413 3028 2645 3093 vident.
2709 3030 2837 3113 86).

931 3137 1141 3203 Simili
1182 3137 1431 3201 ratione
1471 3136 1781 3201 habemus
1821 3139 1888 3201 in
1925 3139 2269 3202 enuntiatis
2309 3138 2627 3222 primariis
2667 3136 2839 3202 Cati-

929 3245 1098 3308 linae
1140 3243 1476 3308 duodecim
1534 3229 1855 3329 Perfecta,
1921 3267 2034 3309 sex
2092 3227 2455 3330 praesentia
2516 3245 2839 3330 historica,

932 3361 1155 3415 contra
1214 3352 1282 3414 in
1347 3353 1693 3420 enuntiatis
1752 3354 2072 3438 primariis
2134 3352 2283 3417 belli
2324 3353 2690 3438 Iugurthini
2743 3376 2838 3418 se-

936 3458 1143 3523 decim
1185 3459 1493 3544 perfecta‚
1538 3461 1771 3544 viginti
1794 3483 1947 3525 vero
1986 3471 2229 3546 septem
2252 3463 2615 3546 praesentia
2643 3462 2838 3526 histo-

931 3569 1081 3631 rica.
1165 3565 1476 3631 Videmus
1522 3568 1719 3651 igitur
1777 3569 1844 3632 in
1902 3568 2025 3632 hoc
2088 3571 2559 3633 enuntiatorum
2602 3592 2841 3654 genere

934 3674 1080 3739 belli
1140 3673 1507 3759 Iugurthini
1582 3676 2003 3741 elocutionem
2063 3678 2435 3742 alacriorem
2496 3665 2636 3743 esse
2713 3679 2838 3743 elo-

932 3782 1187 3847 cutione
1252 3781 1585 3847 Catilinae.
1691 3783 1838 3847 Hoc
1895 3805 2146 3870 quoque
2206 3785 2683 3849 concedendum
2741 3796 2841 3851 est

930 3891 998 3953 in
1068 3889 1235 3954 bello
1314 3889 1699 3974 Iugurthino
1777 3900 2134 3976 temporum
2197 3893 2511 3957 rationem
2579 3895 2838 3958 maioris

933 4020 1074 4062 esse
1115 3998 1443 4062 varietatis
1489 4020 1681 4084 quam
1723 4000 1789 4063 in
1834 3998 2127 4064 Catilina.

813 4107 883 4189 2)
942 4105 1054 4169 sed
1074 4119 1415 4192 postquam
1443 4107 1713 4190 legimus
1759 4105 1898 4171 Cat.
1945 4107 2038 4170 11.
2071 4107 2171 4171 39.
2206 4107 2307 4171 51.
2344 4108 2442 4172 53.
2478 4109 2579 4173 56.
2606 4109 2687 4173 57
2718 4107 2837 4172 bis.

933 4214 1043 4297 (35
1085 4217 1269 4298 pgg.)
1353 4212 1497 4297 Iug.
1541 4215 1600 4278 8.
1663 4215 1758 4286 18.
1817 4215 1919 4278 21.
1982 4214 2081 4277 35.
2137 4214 2237 4278 36.
2285 4215 2421 4279 114.
2499 4216 2609 4298 (70
2648 4217 2837 4302 pgg.)

932 4346 1081 4386 nam
1141 4319 1476 4408 postquam
1537 4321 1678 4387 Cat.
1736 4321 1835 4386 38.
1927 4320 2071 4405 Iug.
2113 4321 2213 4385 42.
2257 4322 2358 4385 44.
2403 4323 2502 4387 84.
2585 4323 2841 4388 interim
