3181 5188
1380 581 1462 644 41

595 799 936 872 poetquom
1000 784 1144 868 Iug.
1206 784 1308 848 66.
1439 781 1583 846 dein
1645 792 1986 867 postquam
2059 777 2204 861 Ing.
2261 778 2364 842 91.
2460 775 2519 838 is

603 906 941 979 postquam
982 891 1127 975 lug.
1174 892 1270 955 15.
1318 890 1415 954 70.
1497 890 1563 953 ei
1590 901 1929 974 postquam
1968 886 2094 970 Iug
2137 886 2236 950 76.

1060 1081 1298 1167 Apud
1338 1081 1778 1146 Velleium.

490 1227 687 1312 Apud
702 1226 1022 1294 Velleium
1062 1225 1371 1289 habemus
1400 1226 1469 1288 in
1498 1225 1830 1289 enuntiato
1860 1221 2236 1287 secundario
2265 1240 2519 1304 semper

328 1335 749 1400 indicativum
789 1333 1430 1420 plusquamperfecti3
1474 1334 1543 1395 in
1587 1333 1919 1396 enuntiato
1962 1331 2261 1416 primario
2307 1351 2322 1392 :

392 1530 395 1533 .
494 1492 551 1533 a.
622 1467 1183 1531 indicativum
1224 1465 1609 1552 perfecti.

1389 1598 1450 1638 α.

624 1682 661 1746 Ι
722 1684 817 1765 14,
859 1682 902 1746 2
936 1695 1084 1767 post
1123 1719 1209 1728 —
1248 1706 1438 1767 quam
1480 1695 1794 1767 ceperant,
1838 1679 2110 1744 deducta
2151 1693 2257 1743 est.

624 1899 661 1963 Ι
723 1900 782 1983 8,
825 1899 869 1961 4
924 1911 1105 1962 sexta
1146 1899 1245 1978 oL,
1284 1794 1431 1985 pose
1482 1897 1609 1963 duo
1665 1910 1724 1962 et
1778 1898 2016 1985 viqinti
2063 1920 2267 1961 annos
2327 1918 2515 1982 quam

723 2007 939 2090 prima
982 2007 1317 2070 constituta
1344 2006 1580 2091 fuerat
1621 2006 1912 2089 Romam,
1954 2003 2260 2070 condidit.
2297 2019 2308 2031 ¹

623 2113 660 2177 Ι
724 2115 817 2196 13,
864 2116 898 2177 1
944 2115 1289 2179 Mummius
1334 2113 1719 2193 Corinthum,
1766 2128 1912 2201 post
1959 2137 2163 2178 annos
2202 2149 2284 2158 —
2325 2134 2517 2199 qaam

727 2221 985 2287 condita
1027 2235 1195 2311 erat,
1224 2223 1403 2287 eruit.

626 2437 698 2501 Π
736 2438 836 2520 44,
879 2439 923 2501 4
975 2461 1043 2502 eo
1107 2437 1376 2502 deducta
1393 2355 1489 2501 Yet
1547 2439 1651 2502 ius
1707 2442 2056 2502 restitutum
2104 2450 2253 2523 post
2313 2460 2517 2500 annos

724 2545 873 2611 circ.
920 2559 1073 2611 cent.
1119 2570 1307 2632 quam
1349 2546 1611 2611 redacta
1653 2559 1807 2611 erat.

493 2662 555 2727 b.
629 2662 1184 2728 indicativum
1222 2665 1722 2749 praesenti&

628 2770 663 2835 I
724 2772 783 2854 2,
834 2774 862 2833 1
938 2772 1091 2835 Tum
1150 2772 1292 2856 fere
1342 2796 1516 2863 ovano
1598 2773 1959 2859 octoyesimo
2038 2784 2181 2856 post
2261 2771 2518 2836 Troiam

728 2892 1002 2964 captam,
1046 2879 1371 2943 centesimo
1416 2894 1471 2942 et
1514 2879 1805 2943 vicesimo
1848 2903 2036 2964 quam
2081 2878 2387 2943 Hercules
2429 2880 2522 2944 ad

732 2987 884 3051 deos‘
921 3001 1286 3068 excesserat,
1331 2987 1687 3073 expellitur.

332 3104 485 3169 huic
529 3105 819 3191 exemplo
862 3115 1195 3191 praeterea
1235 3108 1401 3170 inest
1441 3105 1652 3190 figura
1707 3127 1871 3190 quae
1926 3108 2169 3190 ςεῐγμα
2231 3127 2271 3168 a
2313 3126 2520 3188 gram-

322 3213 578 3277 maticis
621 3224 906 3278 vocatur.

1082 3413 1319 3499 Apud
1361 3413 1762 3478 Tacitum.

331 3561 385 3626 Ι.
449 3584 620 3625 oum
661 3562 1142 3627 indicativo
1186 3563 1583 3647 perfecti.

509 3717 566 3759 a.
632 3697 699 3760 in
743 3697 1063 3761 enuntiato
1097 3697 1416 3781 primario
1458 3697 1750 3762 habemus
1787 3697 2138 3783 perfectum
2174 3719 2194 3759 .·
2253 3695 2323 3779 α)
2367 3695 2513 3759 hist.

629 3802 664 3867 I
709 3806 762 3883 1,
805 3805 865 3869 5.
926 3805 1026 3888 36,
1075 3805 1170 3869 13.
1229 3803 1292 3868 V
1337 3805 1395 3888 8,
1440 3806 1498 3870 6.
1563 3827 1710 3869 ann.
1750 3805 1785 3870 I
1828 3805 1928 3887 34,
1971 3806 2029 3870 5.
2088 3802 2256 3869 XVI
2286 3804 2383 3887 32,
2422 3803 2513 3866 13.

626 3911 699 3997 β)
744 3911 890 3976 hist.
935 3911 1034 3977 IV
1075 3913 1177 3996 49,
1223 3913 1321 3977 25.
1395 3935 1541 3977 ann.
1586 3913 1659 3977 Π
1699 3914 1758 3997 9,
1803 3913 1860 3976 3.
1931 3913 2033 3994 55,
2083 3913 2157 3976 18
2202 3911 2332 3995 (et).
2417 3908 2515 3974 IV

630 4020 690 4104 3,
738 4022 811 4083 11
861 4020 992 4104 (et).
1063 4020 1203 4085 XII
1246 4022 1344 4105 17,
1392 4022 1488 4085 10.
1572 4021 1640 4107 γ)
1684 4021 1831 4085 hist.
1873 4020 1945 4084 Π
1987 4021 2085 4104 73,
2128 4019 2187 4083 2.
2259 4040 2405 4082 ann.
2444 4016 2516 4080 Π

633 4128 727 4210 13,
776 4128 870 4192 15.
942 4127 1046 4192 ΙΧ
1092 4130 1188 4213 71,
1232 4130 1291 4193 4.
1364 4127 1497 4193 XV
1538 4129 1639 4212 67,
1683 4129 1741 4192 8.

514 4242 574 4307 b.
631 4245 1083 4329 imperfectum.
1193 4247 1264 4330 α)
1327 4246 1489 4331 Agr.
1545 4245 1645 4328 37,
1708 4246 1803 4310 15.
1906 4245 2054 4309 hist.
2128 4242 2235 4307 III
2290 4241 2391 4326 25,
2453 4241 2513 4305 5.

630 4374 776 4417 ann.
820 4353 927 4418 III
968 4354 1068 4439 21,
1116 4355 1213 4421 15.
1299 4354 1369 4438 β)
1415 4354 1562 4419 hist.
1608 4353 1680 4418 H
1721 4354 1821 4435 66,
1863 4354 1964 4418 20.
