3181 5188
1737 596 1821 661 46

692 795 1119 874 redderentur,
1164 796 1403 881 suffixit
1430 796 1622 859 cruci.
1708 796 1774 878 ὃ)
1819 794 1854 859 Ι
1887 796 1982 880 10,
2011 797 2052 860 2
2080 796 2383 881 iussitque
2409 796 2597 881 prius
2624 817 2892 880 respon-

674 918 827 967 '3um
868 902 1148 982 reddere,
1192 928 1380 989 quam
1421 902 1831 991 eyrederetur.

855 1010 1007 1076 Uno
1050 1012 1189 1075 loco
1231 1009 1538 1074 habemus
1572 1009 1798 1097 pridie
1838 1048 1921 1056 —-
1963 1034 2155 1095 quam
2195 1010 2265 1074 Π
2307 1012 2408 1096 65,
2451 1012 2510 1075 2.

1239 1420 1354 1484 De
1412 1420 1828 1505 particula
1891 1435 2328 1507 antequam

1449 1564 1665 1649 apud
1706 1563 2114 1628 Tacitum.

691 1714 743 1779 Ι.
818 1735 988 1777 eum
1034 1715 1580 1778 coniunctivo
1625 1715 2130 1800 imperfecti.

873 1871 928 1912 a.
986 1848 1052 1910 in
1111 1847 1441 1912 enuntiato
1502 1849 1805 1932 primario
1863 1849 2219 1933 perfectum
2263 1859 2377 1914 est.
2484 1853 2555 1929 α)
2613 1850 2764 1914 hist.
2809 1848 2884 1913 ΙΙ

989 1956 1088 2039 25,
1135 1957 1190 2019 1.
1275 1957 1344 2039 β)
1389 1956 1535 2021 hist.
1578 1955 1687 2020 ΠΙ
1731 1943 1827 2040 70,
1876 1960 1929 2021 1.
2000 1957 2099 2022 IV
2141 1958 2241 2041 66,
2287 1960 2384 2022 15.
2448 1958 2548 2042 85,
2597 1960 2649 2021 1.
2728 1981 2880 2022 ann.

987 2062 1086 2126 IV
1147 2064 1248 2148 46,
1314 2065 1408 2129 10.
1483 2064 1669 2148 (sed.)
1781 2065 1848 2149 γ)
1907 2065 2054 2130 hist.
2114 2065 2221 2129 ΙΠ
2269 2065 2364 2149 15,
2406 2065 2467 2129 2.
2553 2088 2700 2130 ann.
2746 2065 2882 2131 XV

995 2172 1090 2255 15,
1136 2172 1193 2235 7.
1280 2172 1346 2255 δ)
1390 2194 1536 2236 ann.
1582 2171 1715 2236 XV
1756 2173 1856 2252 39,
1906 2175 1960 2235 1.

867 2279 927 2343 b.
987 2279 1449 2364 imperfectum.
1552 2280 1623 2363 β)
1667 2279 1815 2344 hist.
1859 2279 1894 2344 I
1935 2280 2034 2364 67,
2085 2281 2178 2344 11.
2277 2283 2344 2366 γ)
2388 2281 2535 2346 hist.
2580 2279 2615 2343 Ι
2656 2281 2757 2364 33,
2822 2280 2877 2345 1.

990 2409 1137 2451 ann.
1180 2386 1278 2451 IV
1321 2387 1421 2471 67,
1471 2386 1564 2451 12.
2763 2366 2773 2375 ⁸

868 2517 920 2558 c.
984 2494 1696 2580 plusquamperfectum.
1801 2494 1873 2578 α)
1937 2494 2084 2559 hist.
2150 2494 2219 2558 II
2262 2495 2320 2577 6,
2369 2497 2421 2558 1.
2505 2497 2572 2580 γ)
2637 2495 2785 2560 hist.
2842 2495 2878 2560 I

988 2604 1045 2687 7,
1088 2603 1148 2667 5.

867 2711 927 2775 d.
986 2712 1052 2774 in
1111 2720 1325 2775 enunt.
1385 2711 1568 2796 prim.
1632 2710 1812 2774 deest
1869 2711 2112 2796 copula.
2212 2713 2283 2795 β)
2327 2732 2473 2776 ann.
2518 2710 2588 2775 Π
2633 2712 2730 2793 73,
2778 2712 2875 2777 13.

984 2818 1052 2903 γ)
1093 2818 1241 2883 hist.
1287 2818 1320 2882 Ι
1365 2818 1463 2902 74,
1517 2818 1607 2882 12.

684 2963 772 3027 ΙΙ.
846 2984 1025 3026 cum
1068 2963 1615 3026 coniunctivo
1660 2963 2168 3045 praesentis,
2226 2962 2296 3054 ᾳ)
2341 2963 2489 3028 hist.
2538 2963 2591 3047 Ι,
2620 2963 2662 3025 4
2704 2976 2875 3027 anle-

981 3094 1169 3155 quam
1206 3093 1574 3155 componam
1618 3068 2015 3154 repetendum
2057 3067 2323 3133 videtur.
2410 3070 2556 3134 dial.
2601 3072 2642 3133 5
2702 3084 2872 3134 ante-

987 3201 1174 3263 quam
1217 3190 1471 3256 recuset,
1513 3178 1780 3257 faciam.

683 3321 806 3386 III.
853 3341 1024 3384 eum
1066 3319 1614 3382 coniunctivo
1658 3317 2034 3402 perfecti.
2122 3319 2187 3398 ὁ)
2217 3340 2377 3384 rann.
2410 3318 2542 3384 XV
2572 3319 2652 3382 74
2679 3319 2877 3383 honor

976 3427 1273 3512 principi
1306 3450 1428 3490 non
1476 3439 1621 3490 ante
1663 3426 1940 3509 habetur,
1985 3450 2174 3510 quam
2203 3448 2385 3514 ayere
2415 3428 2577 3491 inter
2600 3428 2876 3490 homines

984 3534 1254 3597 desierit.
1340 3534 1406 3616 δ)
1452 3529 1669 3596 Germ.
1706 3534 1802 3616 13,
1834 3534 1872 3596 2
1915 3532 2028 3597 sed
2069 3557 2252 3596 arma
2296 3557 2533 3597 sumere
2575 3558 2697 3598 non
2729 3548 2877 3599 ante

981 3642 1274 3727 cuiquam
1314 3642 1529 3717 mori-3,
1572 3664 1761 3725 quam
1791 3641 2019 3704 civita-9
2052 3641 2455 3725 suffecturum
2485 3642 2873 3728 probaverit.

681 3787 798 3852 IV.
846 3808 1011 3850 cum
1055 3784 1522 3848 indicativo
1566 3783 1952 3869 perfecti.
2024 3784 2279 3869 (copula
2321 3785 2386 3847 in
2429 3793 2643 3849 enunt.
2686 3785 2869 3869 prim.

979 3891 1207 3975 deest.)
1294 3890 1361 3974 δ)
1406 3913 1555 3955 ann.
1601 3890 1740 3955 XII
1781 3890 1822 3954 5
1878 3913 1987 3954 nee
2052 3905 2196 3955 ante
2252 3892 2480 3956 omissa
2537 3895 2873 3972 cunctatiO,

979 4026 1167 4087 quam
1211 4001 1495 4086 sumpsit.
1580 3976 1668 4084 Y).
1697 4022 1844 4063 ann.
1888 3999 1923 4064 I
1955 4000 2036 4063 70
2077 4023 2186 4063 nee
2224 4000 2384 4079 fides
2427 4000 2659 4065 salutis
2703 4015 2872 4065 ante-

979 4133 1167 4194 quam
1216 4107 1547 4171 Caesarem
1589 4107 2047 4192 emereitumque
2090 4105 2375 4170 reducem
2418 4106 2648 4171 videre.

680 4254 761 4318 V.
832 4274 991 4315 non
1026 4273 1121 4315 ex
1149 4252 1332 4335 ipsa
1370 4250 1708 4314 actione
1733 4249 2132 4334 primaria
2160 4248 2461 4332 pendet
2491 4251 2871 4314 enuntia-

981 4371 1149 4425 tum
1178 4357 1782 4423 secundarium.
1827 4356 1973 4421 dial.
1991 4357 2071 4420 27
2097 4357 2330 4441 aieba3‚
2353 4358 2566 4422 mitior
2586 4371 2642 4422 et
2663 4358 2874 4422 minus
