3181 5188
1407 547 1634 616 57.

363 746 492 811 VI.
568 768 744 810 eum
798 746 1083 811 futuro
1146 755 1465 830 exact03
1524 749 1592 809 in
1652 746 1979 810 enuntiato
2035 745 2336 830 primario
2383 765 2529 806 con-

650 855 967 918 iunctivus
1026 855 1378 939 praesentis
1437 864 1551 918 est.
1661 852 1769 935 (cf.
1814 852 2101 916 Hoffann
2148 873 2209 936 p.
2254 852 2354 915 67.
2398 850 2528 933 68.)

648 962 719 1045 α)
762 984 910 1025 ann.
954 961 990 1025 I
1030 962 1131 1043 22,
1179 962 1274 1026 10.

321 1094 499 1159 VH.
586 1096 665 1158 in
753 1096 1201 1159 enuntiato
1285 1093 1774 1159 secundario
1859 1092 2194 1156 verbum
2279 1090 2528 1155 deest

649 1201 1006 1266 finitum.

512 1331 569 1373 a.
641 1309 1101 1394 imperfectum.
1186 1311 1252 1396 y)
1309 1309 1455 1375 hist.
1497 1310 1674 1395 160,
1709 1310 1758 1374 ·6
1811 1308 2170 1380 obiectabat,
2228 1331 2367 1371 eum
2425 1308 2522 1370 in-

647 1422 823 1482 terim
883 1430 1180 1503 corrupta
1239 1442 1422 1503 eoque
1473 1433 1736 1482 ventum.
1835 1416 1981 1481 hist.
2025 1416 2096 1480 II
2152 1415 2250 1498 72,
2309 1417 2344 1479 7
2408 1413 2523 1477 ad-

636 1516 1081 1613 9re9aba-ntur,
1156 1550 1291 1589 eum
1358 1538 1713 1610 pertractus
1783 1526 1873 1588 ad
1949 1524 2268 1588 Vitellium
2332 1524 2520 1586 inter·

642 1644 1034 1719 royatusque,
1071 1633 1361 1718 quisnam
1388 1633 1748 1697 mortalium
1791 1645 1943 1696 esset
1984 1645 2041 1696 et
2072 1682 2084 1696 .
2114 1680 2125 1693 .
2156 1679 2171 1695 .
2211 1643 2524 1715 sumptum

644 1739 722 1804 de
762 1763 828 1804 eo
870 1741 1268 1826 supplicium.
1351 1741 1417 1826 y)
1456 1740 1515 1804 V
1543 1741 1638 1823 10,
1677 1741 1756 1805 10
1782 1742 1912 1804 iam
1938 1739 2523 1825 frequentabantur,
2604 1795 2607 1798 ,

643 1872 781 1913 cum
823 1847 1111 1912 auditum
1153 1847 1240 1911 id.

505 1953 567 2019 b.
639 1955 1348 2041 plusquamperfectum.
1433 1955 1502 2040 y)
1545 1977 1692 2018 ann.
1736 1954 1835 2019 VI
1875 1955 1952 2019 31
1989 1955 2126 2038 (25)
2165 1958 2187 2016 1
2243 1951 2523 2017 nondum

641 2063 1013 2146 exoleverat,
1061 2087 1198 2127 cum
1241 2061 1316 2126 de
1368 2064 1732 2149 Agrippina
1775 2061 2081 2126 auditum.

508 2195 561 2234 e.
642 2170 788 2234 dial.
833 2171 932 2253 35,
974 2170 1057 2233 22
1099 2193 1235 2234 cum
1279 2169 1369 2232 ad
1411 2193 1585 2233 veros
1630 2168 1870 2233 indices
1912 2183 2193 2234 ventum.
2223 2220 2236 2233 .
2265 2218 2318 2233 ..
2409 2203 2413 2207 ⁴

327 2302 528 2368 VIII.
576 2302 737 2366 duo
782 2313 1160 2387 tempora
1201 2304 1651 2365 coniuncta
1692 2312 1886 2366 sunt
1944 2304 2024 2365 in
2080 2303 2519 2366 enuntiato

641 2409 1183 2474 secundario:
1236 2410 1312 2495 y)
1366 2431 1512 2473 ann.
1556 2408 1663 2473 111
1704 2410 1803 2492 30,
1853 2410 1947 2473 17.
2046 2409 2116 2494 β)
2178 2431 2326 2473 ann.
2386 2409 2520 2474 XV

637 2518 738 2602 54,
787 2519 863 2582 15
920 2542 1066 2580 nam
1121 2540 1258 2581 cum
1311 2518 1628 2604 reputavit
1684 2517 1989 2604 simulque
2032 2518 2521 2582 obversabantur

639 2627 837 2690 cessit.

329 2759 460 2824 IX.
527 2780 700 2822 cum
743 2757 1287 2820 coniunctivo
1331 2757 1825 2842 imperfecti.

503 2890 561 2931 a.
641 2865 1011 2950 perfeetum.
1097 2864 1167 2949 α)
1222 2864 1368 2960 hist.
1413 2865 1484 2930 H
1525 2867 1626 2950 22,
1675 2867 1769 2931 11.
1855 2865 1962 2931 III
2001 2867 2100 2948 29,
2148 2867 2205 2931 3.
2271 2869 2370 2952 33,
2423 2871 2516 2953 17.

635 2972 735 3037 IV
764 2972 822 3055 9,
846 2972 903 3037 6.
969 2994 1114 3036 ann.
1159 2972 1228 3036 II
1266 2973 1364 3053 83,
1402 2973 1470 3035 11
1519 2973 1830 3059 (quinque
1859 2976 2198 3061 exempla).
2269 2979 2340 3059 β)
2371 2977 2519 3041 dial.

636 3081 695 3162 2,
738 3079 779 3143 2
815 3093 1062 3164 postero
1107 3078 1225 3142 die.
1325 3079 1472 3143 hist.
1515 3078 1550 3142 I
1594 3080 1693 3165 83,
1744 3082 1772 3144 l
1842 3083 2013 3148 Otho.
2120 3084 2228 3148 III
2280 3085 2379 3168 56,
2447 3086 2520 3149 13

638 3211 827 3255 nam,
902 3199 1048 3249 ann.
1092 3185 1127 3249 I
1166 3186 1266 3268 40,
1313 3187 1348 3249 7
1414 3185 1528 3249 diu
1585 3201 1928 3253 cunctat-us.
2030 3192 2129 3273 60,
2175 3192 2214 3256 9
2262 3192 2517 3257 Chauci.

636 3295 736 3376 66,
781 3294 823 3357 5
868 3293 1159 3357 Caecina.
1244 3292 1314 3357 H
1355 3293 1455 3377 24,
1500 3295 1540 3357 9
1596 3319 1789 3380 quem.
1873 3298 1974 3381 37,
2020 3300 2055 3362 7
2112 3299 2310 3386 iyitur
2358 3300 2521 3382 filiis

637 3399 1054 3465 adstantibus.
1158 3399 1256 3482 88,
1306 3401 1381 3465 10
1430 3403 1768 3488 petitisque
1817 3407 2034 3469 armis.
2131 3406 2237 3471 IH
2279 3403 2393 3491 22,
2443 3409 2519 3472 12

636 3508 935 3593 idemque.
1019 3507 1119 3590 59,
1167 3507 1198 3570 1
1246 3506 1546 3571 adversus
1588 3534 1765 3595 quae.
1853 3512 1950 3596 72,
1986 3514 2063 3579 13
2104 3539 2297 3601 neque
2323 3516 2518 3581 multo

629 3629 790 3701 post.
873 3612 971 3677 IV
1013 3614 1113 3696 31,
1161 3615 1238 3680 10
1286 3614 1603 3680 Suillium.
1685 3618 1786 3693 40,
1828 3621 1912 3683 24
1968 3623 2196 3686 mirum
2252 3624 2515 3689 hercule.

631 3724 733 3806 45,
778 3722 817 3786 8
878 3734 934 3785 et
973 3734 1271 3806 repertus.
1365 3724 1432 3786 11
1479 3723 1662 3788 idem.
1748 3725 1847 3790 VI
1890 3728 1974 3791 24
2015 3729 2153 3814 (18)
2202 3732 2279 3796 10
2331 3746 2517 3815 pater

634 3851 872 3916 quoque
913 3842 969 3892 et
1007 3828 1236 3911 frater.
1321 3828 1402 3892 43
1435 3830 1571 3913 (37)
1616 3832 1658 3894 4
1696 3835 2221 3919 sacrificantibus.
2263 3840 2345 3904 53
2374 3840 2512 3924 (47)

633 3938 674 4001 3
716 3960 843 4022 qua
889 3936 1194 4000 damnata
1251 3935 1355 3998 XI
1398 3937 1495 4020 11,
1551 3937 1590 4001 9
1647 3939 1890 4005 sedente
1951 3943 2239 4010 Claudia.
2339 3947 2514 4015 XIII

635 4047 729 4125 11,
746 4046 796 4114 ,1
836 4042 1107 4107 Claudio
1151 4043 1415 4126 Nerone,
1467 4045 1541 4108 L.
1574 4048 1855 4113 Antistio
1899 4052 2272 4119 consulibus.
2346 4055 2513 4121 XIV

634 4153 735 4234 42,
778 4151 820 4213 4
862 4164 1140 4214 ceterum.
1224 4149 1356 4213 XV
1396 4151 1496 4235 25,
1546 4153 1624 4218 18
1665 4156 2012 4243 inyressum
2050 4159 2328 4236 Paetum.
2411 4166 2512 4250 35,

631 4260 671 4324 9
729 4270 803 4322 et.
902 4256 1002 4340 57,
1058 4256 1097 4319 6
1157 4270 1428 4342 postero.
1514 4259 1775 4345 (viginti
1832 4267 2112 4352 quinque
2168 4272 2511 4357 exempla.)
