3181 5188
1360 483 1440 548 75

478 710 530 750 c.
590 685 947 771 perfectum
991 694 1055 749 et
1095 684 1558 769 imperfectum.
1644 682 1792 748 hist.
1836 680 1908 746 11
1956 683 2010 766 1,
2059 682 2152 746 13.
2233 703 2381 746 ann.
2411 680 2482 746 II

597 795 637 857 6
785 842 798 857 .

479 901 539 965 (1.
602 793 868 967 inbfilm
911 899 1336 986 supplendum
1379 909 1477 965 est
1519 901 1585 963 in
1629 899 1835 984 primo
1877 898 2183 963 membro,

604 1011 665 1093 1)
723 1011 788 1074 in
817 1009 1016 1073 altero
1041 1007 1348 1073 habemus
1378 1007 2105 1093 plusquamperfectum:
2138 1028 2285 1070 ann.
2309 1005 2485 1071 XIII

721 1117 822 1200 40,
871 1116 1130 1181 16-19,
1883 1167 1888 1173 .

598 1224 667 1308 2)
725 1224 1203 1310 imperfectum:
1247 1223 1408 1307 Agr.
1453 1222 1553 1306 38,
1605 1223 1699 1287 11.
1784 1245 1931 1287 ann.
1963 1221 2068 1287 XI
2096 1221 2196 1306 37,
2226 1221 2285 1286 8.
2343 1219 2485 1286 XII

728 1333 824 1416 15,
868 1333 924 1396 7.
965 1332 1022 1397 8.

301 1463 423 1528 XI.
466 1465 683 1529 actio
741 1464 1249 1529 secundaria
1312 1486 1469 1528 non
1528 1486 1625 1528 ex
1688 1464 1870 1548 ipso
1913 1462 2172 1527 verbo
2218 1484 2328 1526 en.
2373 1483 2482 1547 pr.

465 1572 794 1658 pendet

468 1690 532 1773 1)
601 1711 747 1754 ann.
792 1689 863 1753 II
905 1689 1005 1773 61,
1048 1689 1089 1754 3
1145 1687 1328 1773 fuere
1371 1738 1384 1752 .
1411 1739 1425 1753 .
1452 1739 1466 1753 .
1494 1738 1508 1752 .
1554 1689 1815 1776 effigies,
1881 1687 1995 1752 ubi
2048 1725 2131 1734 —-
2191 1686 2322 1751 icta
2377 1698 2485 1764 est,

600 1797 887 1863 reddens.

465 1906 532 1990 2)
596 1906 742 1970 hist.
786 1903 922 1988 1·1,
971 1905 1048 1969 19
1102 1905 1404 1970 senectuti
1436 1904 1709 1990 reposui,
1753 1927 1913 1968 rara
1956 1916 2295 1990 temporum
2322 1900 2483 1990 feli-

596 2013 793 2092 citati,
839 2012 953 2077 ubi
988 2048 1073 2059 -—
1117 2013 1275 2077 licet.

467 2122 535 2206 3)
601 2142 747 2185 ann.
791 2120 890 2186 IV
935 2121 1033 2204 71,
1082 2121 1158 2185 15
1210 2119 1546 2207 mitiqavit,
1599 2142 1843 2207 ymarus
1899 2118 2126 2182 lentum
2180 2118 2246 2180 in
2290 2113 2484 2211 medi-

598 2228 814 2312 tando,
858 2228 971 2293 ubi
1003 2227 1429 2314 prorupisset,
1471 2227 1858 2314 coniunyere.
1956 2226 2103 2290 hist.
2147 2224 2219 2289 Π
2259 2224 2360 2308 63,
2408 2223 2486 2288 13

601 2335 877 2403 Sabinus
940 2350 1156 2422 suopte
1225 2336 1475 2423 inqenio
1542 2335 1747 2414 mitis,
1818 2334 1932 2398 ubi
1980 2369 2065 2380 —-
2117 2333 2485 2415 incessisset,

594 2445 824 2528 facilis
878 2457 1139 2524 mutatu,
1209 2442 1481 2529 impulit.
1575 2441 1676 2507 IV
1729 2442 1828 2525 71,
1889 2441 1931 2504 4
1983 2438 2325 2519 incedebat,
2380 2438 2493 2503 ubi

594 2553 761 2640 prim
769 2575 870 2616 um
915 2550 1206 2637 licuisset,
1243 2550 1562 2636 facturus.

469 2957 575 3021 Ex
625 2958 704 3022 iis
748 2977 913 3040 quae
955 2956 1036 3021 de
1077 2956 1460 3021 formatione
1518 2958 1993 3021 enuntiatorum
2048 2957 2493 3041 temporalium

306 3066 548 3148 protuli
592 3065 898 3150 exemplis
937 3064 1099 3130 haec
1142 3065 1276 3129 fere
1317 3064 1609 3128 concludi
1649 3073 1955 3149 possunt:

465 3171 546 3236 In
589 3182 946 3257 temporum
987 3174 1236 3238 ratione
1271 3172 1480 3237 Taciti
1525 3172 1794 3237 elocutio
1838 3172 2117 3235 maxima
2158 3171 2486 3235 varietatis

295 3278 488 3344 laude
528 3280 733 3344 floret.
820 3279 1014 3366 Apud
1058 3279 1376 3345 Velleium
1419 3302 1522 3345 res
1567 3282 1661 3344 sic
1702 3301 1772 3343 se
1809 3278 2044 3344 habet:
2108 3288 2221 3343 aut
2275 3300 2486 3343 exem-

295 3386 550 3471 plorum
591 3408 891 3452 numerus
934 3388 1026 3452 ita
1068 3389 1338 3471 exiguus
1382 3397 1481 3453 est
1494 3438 1511 3471 ,
1575 3397 1649 3452 ut
1712 3387 2102 3452 consuetudo
2163 3388 2489 3473 scriptoris

294 3515 432 3557 non
484 3496 816 3575 elucescat,
869 3505 979 3559 aut
1023 3494 1338 3580 quaedam
1380 3506 1741 3580 temporum
1782 3496 2123 3564 relationes
2166 3496 2257 3559 ita
2294 3517 2488 3580 saepe

293 3613 644 3686 usurpatae
686 3612 852 3686 sunt,
897 3612 970 3667 ut
1011 3603 1185 3667 nulla
1224 3604 1305 3667 sit
1348 3612 1710 3687 temporum
1737 3604 2035 3667 varietas.
2104 3601 2274 3666 Tota
2316 3603 2486 3666 enim

294 3708 510 3774 Vellei
566 3709 835 3773 elocutio
897 3732 1018 3774 nec
1073 3709 1321 3774 subtilis
1380 3720 1477 3774 est
1520 3732 1641 3774 nec
1682 3718 1871 3774 acuta
1909 3732 2030 3773 nec
2072 3709 2330 3793 elegans
2373 3708 2487 3773 sed

297 3838 468 3903 quae
522 3839 667 3881 cum
725 3819 897 3882 omni
966 3819 1216 3903 poetico
1274 3828 1338 3884 et
1393 3818 1710 3882 rhetorico
1772 3827 2045 3903 appartu
2108 3818 2191 3881 sit
2262 3826 2488 3881 ornata

297 3926 659 4011 comparari
715 3925 918 4009 possit
975 3925 1264 3990 aedificio
1311 3927 1487 3989 cuius
1529 3925 1739 3988 forma
1780 3946 1855 3988 ac
1896 3926 2102 3989 lineae
2141 3923 2487 3989 admodum

296 4033 493 4099 rudes
558 4034 687 4096 sint
758 4042 822 4095 et
883 4055 1152 4117 crassae,
1217 4034 1493 4118 parietes
1551 4042 1767 4097 autem
1818 4031 2162 4118 trabesque
2215 4054 2369 4098 auro
2426 4043 2490 4098 et

298 4139 621 4205 coloribus
676 4143 769 4203 ita
807 4139 1117 4223 fulgeant,
1182 4150 1254 4204 ut
1297 4142 1580 4204 omnium
1624 4139 1838 4203 oculos
1882 4141 1936 4203 si
1979 4161 2108 4204 non
2149 4139 2485 4225 delectent,

298 4256 372 4313 at
413 4248 480 4311 in
522 4270 592 4311 se
636 4256 1029 4311 convertant.
