3181 5188
1732 608 1809 672 16

681 805 937 870 Wetzel
965 806 1047 870 ad
1076 805 1241 870 hanc
1270 806 1707 871 difficultatem
1739 806 2112 871 solvendam
2137 816 2380 871 rectam
2415 808 2691 891 ingressi
2721 818 2884 872 sunt

678 915 868 998 viam,
932 925 1148 979 tamen
1209 937 1436 979 vereor
1504 916 1695 978 nimis
1769 917 2061 998 angustis
2132 915 2368 980 finibus
2440 916 2610 980 hunc
2685 938 2883 980 usum

682 1022 1221 1086 circumscribant.
1308 1022 1381 1088 Si
1424 1023 1908 1106 enim-legimus
1942 1023 2146 1088 Tacit.
2170 1023 2315 1088 hist.
2346 1023 2416 1088 Π
2445 1023 2524 1087 41
2563 1025 2880 1089 incertum

677 1130 811 1212 fuit
863 1144 1068 1194 utrum
1130 1168 1212 1176 —
1268 1130 1692 1216 coeptaveri‘nt
1749 1130 1852 1194 vel
1912 1153 2056 1195 ann.
2101 1131 2135 1194 Ι
2179 1132 2258 1196 76
2319 1155 2432 1196 cur
2471 1132 2880 1213 ‘abstinuerit

679 1239 1031 1324 spectaculo
1087 1240 1265 1304 varie
1324 1238 1653 1303 trahebam
1710 1239 1949 1303 nullam
2007 1239 2461 1323 cogitationem
2515 1262 2878 1324 agnoscere

679 1369 939 1432 possum
983 1347 1219 1411 dicenti
1263 1349 1603 1431 propriam,
1668 1347 1953 1411 subiecto
2012 1350 2324 1412 enuntiati
2385 1351 2667 1433 primarii
2714 1371 2874 1434 quo-

679 1455 1015 1519 dammodo
1061 1456 1438 1540 oppositam,
1482 1455 1608 1518 huc
1647 1454 1893 1519 accedit
1922 1456 2096 1539 quod
2126 1456 2419 1541 exempla
2454 1458 2876 1521 inveniuntur

679 1563 770 1626 ita
813 1571 1210 1647 comparata,
1277 1572 1348 1625 ut
1392 1563 1536 1626 talis
1585 1564 1900 1647 oppositio
1944 1565 2112 1627 inter
2153 1563 2506 1627 subiectum
2550 1566 2872 1629 enuntiati

679 1671 964 1755 primarii
1009 1680 1071 1733 et
1115 1670 1472 1734 secundarii
1517 1671 1773 1734 omnino
1833 1670 2059 1736 adesse
2116 1693 2248 1735 non
2307 1675 2510 1757 possit
2567 1672 2872 1757 quodque

679 1778 800 1842 hac
840 1780 948 1842 via
989 1779 1461 1842 coniunctivum
1503 1778 1772 1863 perfecti
1813 1781 2285 1844 enuntiatorum
2311 1782 2869 1845 consecutivorum

681 1886 1000 1971 explicare
1042 1908 1172 1950 non
1214 1908 1568 1971 possumus,

844 1994 1012 2059 Tota
1053 2017 1155 2059 res
1194 1994 1350 2058 mihi
1392 1994 1475 2058 ad
1518 1994 1857 2059 discrimen
1918 1995 2239 2079 quoddam
2303 1997 2472 2060 inter
2530 1997 2862 2061 relativam

627 2092 637 2102 ’
681 2111 745 2165 et
801 2101 1159 2165 absolutam
1216 2100 1484 2165 duarum
1546 2103 1870 2166 actionum
1925 2104 2238 2167 rationem
2300 2105 2664 2169 revocanda
2729 2128 2866 2169 esse

679 2209 950 2274 videtur.
1038 2209 1226 2287 Quod
1269 2231 1396 2294 qua
1438 2211 1687 2275 ratione
1732 2212 1816 2274 sit
1859 2210 2301 2296 accipiendum
2342 2222 2416 2276 ut
2457 2214 2680 2278 melius
2725 2235 2862 2298 per—

681 2319 985 2403 spiciatur
1038 2320 1474 2382 examinemus
1530 2318 1812 2383 breviter
1875 2341 1999 2403 quo
2058 2319 2246 2383 modo
2310 2321 2569 2404 linguae
2627 2322 2865 2386 latinae

681 2427 1010 2510 ingenium
1067 2426 1188 2490 sibi
1248 2426 1506 2489 finxerit
1561 2428 1841 2491 rationes
1900 2427 2067 2490 inter
2126 2430 2443 2493 actionem
2497 2430 2863 2514 primariam

681 2544 744 2599 et
787 2533 1227 2599 secundariam
1284 2535 1351 2598 in
1409 2536 1752 2599 enuntiatis
1809 2535 2123 2617 finalibuS,
2170 2538 2613 2620 consecutivis,
2668 2538 2860 2602 inter·
2936 2608 2944 2616 ,

677 2644 1019 2726 rogatione
1060 2644 1389 2707 indirecta.

843 2750 914 2815 Si
958 2751 1528 2835 interrogationem
1590 2752 1895 2815 directam
1958 2752 2115 2836 quid
2169 2767 2257 2816 est
2309 2752 2657 2838 pulcrum?
2711 2774 2861 2838 pen-

680 2858 934 2922 dentem
979 2858 1301 2923 reddimus
1347 2881 1427 2922 ex
1470 2858 1667 2922 verbo
1728 2858 2004 2943 quodam
2061 2860 2501 2943 interrogandi
2560 2861 2862 2945 temporis

677 2966 964 3050 perfecti,
1012 2965 1246 3051 duplici
1289 2965 1477 3029 modo
1522 2965 1646 3029 hoc
1686 2965 1825 3030 fieri
1868 2976 2100 3050 potest,
2154 2978 2265 3031 aut
2305 2970 2555 3032 ratione
2596 2970 2865 3032 relativa

678 3074 738 3138 h.
785 3097 820 3138 e
865 3096 937 3137 eo
990 3075 1169 3158 ,quod
1227 3076 1543 3138 actionem
1601 3074 2043 3138 secundariam
2104 3087 2419 3160 quatenus
2476 3076 2557 3140 ad
2613 3086 2862 3161 tempus

677 3182 1011 3246 referimus
1054 3181 1135 3246 ad
1178 3181 1446 3246 verbum
1490 3183 1803 3247 enuntiati
1846 3184 2130 3268 primarii
2185 3184 2611 3269 dicimusque:
2679 3206 2861 3269 quae-

633 3326 635 3328 ·
678 3291 844 3370 sivit,
909 3289 1066 3375 quid
1135 3304 1286 3353 esset
1336 3290 1637 3376 pulcrum
1701 3300 1812 3354 aut
1874 3292 2121 3355 ratione
2180 3291 2475 3356 absoluta
2546 3292 2861 3356 dicentes:

678 3399 1005 3484 quaesivit,
1052 3397 1209 3482 quid
1251 3401 1333 3462 sit
1374 3400 1482 3483 ita,
1527 3401 1695 3464 actio
1740 3400 2117 3464 secundaria
2159 3403 2481 3486 propriam
2515 3424 2696 3465 suam
2733 3405 2864 3464 vim

676 3507 1128 3591 notionemque
1183 3507 1456 3571 retineat
1515 3508 1930 3592 temporalem
2005 3520 2068 3572 et
2146 3510 2549 3573 coniunctivo
2614 3520 2862 3573 tantum

675 3615 991 3678 indicetur
1030 3613 1196 3677 hanc
1239 3616 1554 3678 actionem
1598 3615 1782 3679 alteri
1826 3638 1965 3679 esse
2002 3615 2484 3681 subordinatam
2514 3640 2634 3682 nec
2665 3619 2860 3681 omni-

678 3721 796 3785 bus
842 3744 922 3785 ex
964 3720 1250 3805 partibus
1294 3723 1391 3785 sui
1433 3723 1586 3786 iuris
1632 3745 1787 3787 esse.

843 3829 1047 3895 Simili
1089 3831 1335 3895 ratione
1371 3853 1472 3895 res
1520 3853 1588 3895 se
1631 3830 1825 3895 habet
1869 3833 1923 3895 si
1980 3834 2043 3896 in
2107 3835 2432 3897 enuntiato
2479 3832 2853 3897 secundario

677 3938 1029 4024 perfectum
1073 3938 1412 4022 habemus3
1457 3961 1644 4004 nemo
1688 3939 1954 4024 negabit
1997 3942 2061 4003 in
2107 3942 2417 4027 exemp10‚
2464 3941 2633 4026 quod
2668 3963 2858 4026 supra

679 4048 806 4110 iam
848 4046 1050 4111 adtuli
1095 4070 1109 4110 :
1153 4047 1456 4111 incertum
1483 4047 1633 4131 fuit
1674 4072 1759 4110 cm
1803 4051 2223 4132 coeptaverint
2280 4051 2597 4114 actionem
2639 4069 2855 4113 secun-

680 4154 923 4219 dariam
982 4155 1188 4237 magis
1231 4153 1590 4218 absolutam
1632 4155 1968 4239 magisque
2011 4156 2109 4219 sui
2152 4156 2305 4219 iuris
2350 4179 2508 4238 esse,
2569 4178 2761 4241 quam
2807 4158 2859 4220 si

678 4262 940 4326 Tacitus
985 4261 1605 4346 plusquamperfecto
1650 4285 1801 4326 usus
1847 4273 2034 4327 esset.
2136 4262 2207 4328 Si
2250 4287 2401 4328 vero
2464 4267 2857 4329 enuntiatum

678 4369 1123 4433 secundarium
1166 4371 1685 4454 interrogationis
1752 4369 2101 4464 indirectas
2145 4394 2223 4435 ex
2268 4373 2519 4436 actione
2561 4374 2861 4457 primaria
