3181 5188
1362 570 1443 635 33

460 791 533 834 a..
590 790 739 833 ann.
797 768 897 833 IV
937 770 979 832 4
1043 794 1194 835 nam
1256 771 1545 857 Drusus,
1623 795 2003 857 quamquam
2075 774 2346 838 arduum
2411 775 2496 838 sit

591 876 801 941 eodem
863 878 995 942 loci
1037 881 1384 964 potentiam
1442 893 1500 944 et
1555 880 1959 945 concordiam
2029 904 2156 946 esse
2168 931 2189 961 ,
2252 907 2490 969 aequus

591 985 1091 1051 adulescentibus
1134 1001 1244 1052 aut
1288 1001 1445 1052 certe
1488 1012 1614 1052 non
1659 987 1964 1052 adversus
2005 989 2362 1054 habebatur.

458 1091 519 1156 b.
593 1092 676 1158 G.
720 1094 803 1158 28
848 1118 924 1158 ac
967 1117 1042 1158 ue
1083 1095 1245 1176 Ubii,
1293 1119 1674 1180 quamquam
1716 1098 2070 1176 meruerint,
2109 1098 2485 1162 erubescam.

589 1200 750 1285 Agr.
794 1201 854 1284 3,
896 1201 1078 1265 3—7.
1142 1203 1239 1283 13,
1283 1202 1342 1267 5.
1387 1203 1445 1267 6.
1532 1203 1679 1267 hist.
1723 1202 1831 1266 ΙΠ
1873 1204 1973 1286 22,
2016 1204 2075 1267 6.
2122 1205 2196 1268 7.·

456 1330 508 1371 c.
596 1330 743 1371 ann.
786 1307 921 1373 XV
958 1309 1040 1373 52
1082 1311 1301 1374 etenim
1340 1334 1561 1396 expers
1594 1312 2050 1376 coniurationis
2079 1327 2233 1396 erat,
2268 1337 2481 1398 quam-

586 1420 686 1482 vis
729 1417 1093 1502 eaepleverit.

454 1524 516 1590 d.
590 1524 810 1590 Germ.
841 1526 922 1589 29
964 1549 1089 1590 nou
1133 1528 1611 1607 numeraverim,
1655 1551 2033 1613 quamquam
2064 1527 2474 1593 consederint.

456 1656 510 1696 e.
585 1655 733 1697 ann.
778 1631 877 1696 VI
919 1635 1000 1698 57
1056 1634 1193 1718 (51)
1249 1648 1435 1720 pater
1492 1637 1556 1698 ei
1604 1636 1774 1699 Nero
1828 1648 1884 1699 et
1939 1637 2248 1721 utrimque
2305 1637 2480 1722 oriqo

581 1742 786 1828 qentis
835 1739 1167 1825 Claudiae,
1212 1765 1594 1827 quamquam
1636 1743 1979 1806 transierit.

454 1849 534 1913 In
590 1849 948 1914 modalibus
1013 1871 1268 1935 quoque
1328 1851 1675 1914 enuntiatis
1732 1851 2059 1935 praevalet
2112 1852 2278 1915 ratio
2320 1859 2477 1915 tem·

280 1964 514 2042 porum
553 1958 843 2038 relativa,
888 1957 1249 2022 absolutam
1288 1958 1488 2023 habes
1536 1958 1683 2022 hist.
1728 1957 1798 2022 H
1833 1959 1912 2022 47
1962 1972 2061 2023 eat
2102 1959 2203 2023 hic
2244 1982 2476 2024 mecum

287 2066 544 2128 animus
572 2079 874 2151 tanquam
898 2067 1179 2151 perituri
1194 2089 1317 2152 pro
1345 2090 1440 2130 me
1460 2066 1742 2150 fueritis,
1787 2065 1900 2130 sed
1939 2080 2059 2131 este
2099 2070 2476 2153 superstites.

451 2173 941 2238 Diversissimas
1008 2183 1367 2258 temporum
1421 2175 1704 2238 rationes
1762 2195 1928 2258 quae
1999 2175 2066 2237 in
2129 2176 2475 2240 enuntiatis
2590 2214 2601 2226 ·

279 2281 568 2344 relativis
611 2280 1007 2346 intercedere
1063 2291 1335 2366 possunt
1389 2283 1556 2345 inter
1620 2282 1937 2344 actionem
1989 2283 2356 2365 primariam
2411 2294 2477 2347 et

279 2388 726 2451 secundariam
781 2388 903 2452 hoc
942 2389 1083 2453 loco
1137 2410 1509 2453 enumerare
1573 2410 2117 2473 supervacaneum
2172 2400 2288 2474 est,
2352 2384 2475 2454 hoc

278 2504 502 2559 tamen
544 2496 754 2560 dicam
797 2498 991 2560 etiam
1031 2498 1098 2560 in
1142 2498 1485 2562 enuntiatis
1527 2497 1813 2562 relativis
1845 2517 2012 2582 quae
2053 2497 2469 2562 indicativum

276 2604 596 2689 praebent
609 2655 627 2688 ,
682 2604 1071 2689 deprehendi
1133 2610 1326 2691 Saepe
1383 2605 1724 2669 discrimen
1783 2607 1951 2670 inter
2022 2608 2354 2672 relativam
2408 2618 2474 2672 et

275 2712 641 2777 absolutam
683 2722 1042 2798 temporum
1081 2715 1414 2798 rationem,
1473 2716 1529 2778 si
1571 2716 1844 2799 scriptor
1886 2715 2203 2779 actionem
2245 2738 2466 2780 secun·

276 2819 527 2884 dariam
571 2812 734 2905 quae
778 2820 861 2884 ad
904 2820 1233 2905 quodlibet
1276 2832 1525 2907 tempus
1569 2833 1818 2907 spectat
1860 2822 1943 2886 ad
1985 2833 2227 2887 certum
2270 2825 2468 2909 quod-

275 2926 431 2992 dam
496 2936 748 3013 tempus
809 2928 1026 2994 refert.
1126 2928 1236 2995 Sic
1308 2929 1478 3014 apud
1536 2928 1905 2996 Sallustium
1982 2931 2122 2996 Cat.
2188 2952 2326 3017 cap.
2393 2934 2464 2996 11

270 3036 590 3118 legimus:
651 3049 741 3100 set
788 3037 1001 3122 primo
1059 3038 1265 3123 mayis
1328 3038 1586 3102 ambitio
1645 3062 1834 3123 quam
1897 3039 2180 3103 avaritia
2224 3041 2470 3112 animos

271 3142 598 3207 hominum
658 3145 1017 3223 exercebat,
1058 3134 1248 3229 'quod
1309 3158 1514 3209 tamen
1576 3146 1800 3210 vitium
1849 3148 2122 3232 propius
2178 3149 2468 3213 virtutem

271 3264 431 3315 erat.
489 3249 638 3315 Hoc
671 3251 809 3314 loco
851 3252 1056 3315 relata
1090 3260 1187 3315 est
1216 3254 1536 3316 sententia
1565 3255 1879 3317 enuntiati
1908 3254 2266 3319 secundarii
2294 3259 2467 3321 omni

269 3359 552 3443 tempori
576 3359 943 3422 communis
1001 3359 1084 3422 ad
1139 3359 1206 3422 id
1261 3369 1512 3445 tempus
1571 3360 1654 3425 de
1716 3382 1842 3445 quo
1912 3362 2184 3447 scriptor
2226 3374 2463 3430 narrat.

271 3487 662 3551 quamquam
702 3467 901 3550 igitur
941 3467 1008 3529 in
1050 3465 1174 3529 hoc
1216 3467 1506 3551 exemplo
1548 3469 1864 3533 rationem
1905 3470 2241 3534 relativam
2280 3493 2461 3556 prae-

270 3575 471 3638 latam
512 3574 690 3637 vides
725 3574 959 3637 rationi
993 3573 1338 3657 absolutae,
1372 3574 1546 3639 nullo
1574 3585 1764 3660 pacto
1795 3576 2061 3661 negabis
2090 3576 2464 3644 Sallustium

273 3679 502 3745 eodem
557 3682 694 3745 iur'e
752 3680 963 3745 dicere
1022 3682 1352 3766 potuisse:
1411 3681 1582 3767 quod
1650 3697 1852 3748 tamen
1917 3685 2137 3749 vitium
2193 3688 2463 3773 propius

272 3789 559 3852 virtutem
605 3802 711 3870 est,
756 3792 1131 3873 praesertim
1175 3812 1319 3853 cum
1360 3800 1661 3875 pergeret
1704 3791 1802 3855 his
1847 3791 2100 3857 verbis:
2142 3817 2291 3857 uam
2324 3794 2459 3881 ylo-

273 3897 438 3960 riam
484 3944 501 3959 .
528 3944 540 3957 .
568 3944 623 3958 ..
668 3911 984 3981 exoptant.
1070 3897 1268 3981 Apud
1321 3898 1659 3962 historicos
1712 3897 1835 3962 hoc
1883 3898 2225 3964 discrimen
2267 3923 2460 3987 saepe

273 4004 634 4067 invenimus
706 4006 774 4067 in
845 4003 1280 4069 describendis
1365 4006 1522 4069 locis
1605 4028 1682 4069 ac
1751 4007 1878 4071 situ
1943 4009 2280 4091 regionum
2349 4011 2459 4094 qui

270 4121 422 4174 sunt
465 4112 658 4175 etiam
696 4113 830 4175 eius
873 4113 1102 4176 aetatis
1147 4114 1324 4176 cuius
1369 4101 1467 4177 est
1510 4114 1800 4198 scriptor.

436 4217 757 4282 Absoluta
815 4228 912 4283 est
960 4221 1128 4283 actio
1172 4220 1549 4285 secundaria
1608 4243 1771 4307 quae
1826 4224 2156 4306 praeteriti
2198 4224 2455 4307 quidem

270 4327 576 4411 temporis
639 4336 738 4391 est
754 4377 773 4412 ,
834 4329 1210 4412 exprimitur
1258 4339 1475 4393 autem
1527 4351 1648 4393 nec
1705 4330 2079 4414 imperfecto
2121 4353 2242 4395 nec
2284 4331 2453 4417 plus-

1725 4430 1736 4436 ’
2026 4437 2058 4486 8
