3181 5188
1663 568 1745 634 60

920 761 1061 830 XII
1100 767 1201 850 54,
1254 769 1329 832 13
1370 791 1515 832 mooe
1551 769 1846 856 yliscente
1883 771 2162 853 pernicie
2345 772 2518 833 caesi
2551 770 2799 834 milite-e.

919 876 985 957 γ)
1031 873 1173 939 hist.
1217 874 1286 938 II
1327 875 1426 958 26,
1467 875 1506 939 8
1547 878 1808 939 vinctus.
1898 876 1994 941 IV
2036 878 2135 960 37,
2180 878 2218 942 8
2263 878 2584 963 repositae.

804 1002 865 1064 g.
923 1003 1240 1066 praesens,
1327 983 1393 1068 γ)
1439 983 1658 1049 Germ.
1689 985 1770 1048 36
1816 983 2222 1048 adversarum
2264 1010 2469 1047 rerum
2499 1009 2576 1048 ex
2604 1009 2803 1070 aequo

919 1089 1082 1153 socii
1116 1105 1276 1169 sunt,
1321 1114 1457 1154 cum
1497 1092 1563 1154 in
1609 1090 1897 1155 secundis-e
1940 1094 2208 1155 minores
2246 1092 2537 1175 fuissent.

623 1217 744 1282 XI.
790 1242 960 1283 cum
1003 1224 1541 1287 coniunctivo
1584 1224 1982 1309 perfecti.

646 1333 650 1336 ⁴
800 1348 856 1389 a.
921 1349 1241 1412 praesens,
1325 1331 1395 1413 β)
1438 1330 1583 1394 dial.
1633 1331 1685 1412 1,
1735 1332 1765 1394 1
1822 1354 1949 1409 car,
1994 1354 2131 1394 cum
2158 1332 2471 1441 floruerit,
2516 1333 2801 1397 retineat.

916 1434 1016 1518 21,
1060 1436 1101 1499 5
1159 1437 1294 1521 ipse
1347 1437 1507 1501 mihi
1561 1437 1810 1502 Calvam
1894 1439 1960 1523 y)
2020 1438 2189 1502 dial.
2183 1412 2307 1522 24,
2353 1439 2431 1502 14
2486 1463 2800 1525 exprome,

918 1567 1054 1606 cum
1097 1544 1429 1630 collegerit.
1515 1566 1662 1609 ann.
1710 1544 1779 1608 II
1819 1547 1919 1629 38,
1964 1547 2022 1611 5.

799 1650 860 1714 b.
918 1650 1288 1735 perfectum.
1373 1651 1442 1734 β)
1487 1674 1634 1716 ann.
1678 1651 1776 1716 IV
1817 1652 1916 1732 34,
1965 1653 2037 1716 11
2102 1677 2361 1738 quorum
2419 1676 2515 1715 res
2570 1667 2796 1740 yeetae.

916 1759 982 1842 γ)
1026 1749 1171 1822 έιηῃ.
1216 1758 1284 1823 II
1325 1759 1425 1842 34,
1469 1760 1567 1824 22.
1653 1759 1759 1824 III
1808 1761 1901 1842 16,
1944 1760 2044 1824 20.
2131 1760 2227 1824 IV
2271 1761 2371 1844 58,
2421 1760 2514 1824 12.

799 1888 850 1929 c.
915 1866 1374 1951 imperfectum.
1459 1868 1524 1953 y)
1570 1889 1718 1931 ann.
1762 1867 1862 1931 IV
1902 1869 2002 1951 20,
2051 1869 2145 1932 11.

800 1971 859 2035 d.
917 1973 1221 2037 futurum.
1305 1973 1371 2059 y)
1417 1996 1562 2038 ann.
1608 1973 1774 2038 XIV
1816 1975 1917 2057 43,
1965 1974 2061 2037 14.
2111 1975 2205 2038 15.

800 2102 854 2146 e.
916 2080 984 2166 γ)
1028 2103 1174 2145 ann.
1221 2080 1360 2145 XII
1401 2082 1484 2146 60
1525 2081 1692 2145 nihil
1733 2083 2075 2161 attinuerit,
2120 2107 2259 2146 cwm
2302 2082 2680 2167 aequaverit.

615 2209 773 2275 XII.
835 2233 1006 2275 cum
1047 2214 1579 2277 coniunctivo
1624 2215 2120 2298 praesentis,

782 2321 866 2384 αἳ.
916 2342 1236 2405 praesenS.
1320 2324 1390 2406 β)
1435 2322 1579 2386 dial.
1632 2323 1724 2406 10,
1769 2323 1808 2386 6
1864 2337 2083 2407 quotus
2127 2323 2400 2407 quisque.
2487 2321 2570 2386 20
2612 2320 2796 2406 quod.

919 2427 1014 2511 13,
1058 2428 1101 2490 4
1168 2427 1352 2514 quod.
1457 2426 1674 2493 Germ.
1734 2431 1974 2513 28,10.
2075 2452 2220 2493 ann.
2283 2428 2391 2493 III
2445 2429 2544 2510 53,
2592 2428 2671 2501 14
2723 2442 2795 2491 et.

917 2518 1086 2599 XIV
1128 2537 1228 2620 54,
1272 2536 1311 2601 8
1353 2538 1444 2601 ita
1490 2560 1695 2601 senex.

782 2644 865 2707 αἳ.
911 2644 1340 2729 imperativus,
1425 2645 1490 2729 y)
1558 2643 1702 2708 dial.
1768 2645 1861 2728 10,
1906 2645 2004 2708 37.
2110 2643 2179 2726 β)
2245 2644 2390 2709 dial.
2448 2644 2548 2728 27,
2597 2645 2666 2707 11
2722 2657 2793 2706 et.

916 2756 986 2835 α)
1030 2773 1176 2815 ann.
1219 2751 1324 2816 XI
1364 2751 1423 2836 4,
1472 2753 1566 2816 14.

617 2881 808 2947 XIII.
854 2883 1006 2947 duo
1051 2892 1429 2968 tempora
1467 2883 1866 2948 habemus
1912 2885 2366 2947 coniuncta
2423 2885 2502 2945 in
2566 2904 2792 2947 enun-

841 2985 1052 3055 tiato
1096 2990 1625 3055 secundaria

794 3120 852 3161 a.
917 3099 1387 3162 coniunctivum
1431 3100 1785 3183 praesentis
1830 3109 1894 3162 et
1936 3098 2206 3182 perfecti
2232 3122 2245 3161 :
2293 3096 2510 3162 Germ.
2551 3097 2628 3161 15
2668 3096 2804 3181 ipsi

911 3206 1121 3269 hebent
1162 3207 1327 3268 mira
1372 3206 1735 3269 diversitate
1773 3207 1990 3288 animi,
2039 3231 2175 3269 cum
2205 3220 2409 3269 ament
2445 3243 2503 3251 —
2537 3203 2796 3267 oderint.

800 3312 857 3376 b.
917 3313 1274 3398 imperfecti
1317 3326 1381 3378 et
1423 3313 2072 3400 plusquamperfecti:
2117 3312 2265 3377 hist.
2309 3312 2379 3377 II
2422 3313 2516 3394 13,
2547 3313 2605 3376 6.
2650 3333 2794 3375 ann.

917 3419 950 3482 I
992 3420 1092 3504 32,
1139 3421 1193 3484 7.
1282 3421 1380 3485 VI
1424 3420 1499 3485 37
1547 3422 1705 3505 (43),
1748 3423 1807 3485 4.

614 3558 800 3624 XIV.
847 3564 1370 3626 enuntiatum
1448 3548 2023 3627 secundarium
2090 3562 2396 3646 pendet
2470 3583 2625 3624 non
2702 3583 2795 3624 ex

842 3670 1024 3753 ipso
1082 3668 1335 3733 verbo
1397 3672 1830 3734 enuntiati
1890 3671 2290 3755 primarii.

793 3780 849 3838 a.
912 3774 1059 3838 hist.
1112 3775 1147 3839 I
1206 3775 1300 3856 19,
1363 3776 1397 3839 7
1462 3778 1876 3841 crebrioribus
1931 3778 1999 3839 in
2063 3775 2196 3852 dies
2254 3776 2635 3841 Germaniae
2694 3772 2794 3837 de-

913 3883 1208 3962 fectionis
1263 3885 1505 3948 nuntiis
1566 3898 1621 3947 et
1680 3885 1881 3968 facili
1939 3885 2193 3948 civitate
2263 3883 2353 3947 ad
2423 3880 2796 3968 accipienda

913 3988 1342 4076 credendaque
1394 3993 1624 4056 ‘omnia
1698 4016 1860 4055 nova
1881 4040 1899 4070 ,
1970 4016 2002 4055 c
2019 4016 2058 4054 u
2076 4017 2134 4053 m
2207 3992 2503 4054 tristia
2578 4016 2608 4053 s
2626 4016 2665 4054 u
2685 4016 2724 4053 n
2742 4005 2762 4048 t
2777 4040 2794 4071 ‚

916 4112 1297 4162 censuerant.

794 4204 855 4268 b.
914 4226 1060 4268 ann.
1104 4204 1237 4269 XV
1279 4206 1378 4289 69,
1424 4207 1459 4269 7
1519 4206 1802 4289 celebrat,
1858 4207 2023 4271 nihil
2062 4218 2331 4269 metuens
2374 4230 2454 4267 an
2503 4205 2792 4268 dissimu-

919 4312 1111 4377 lando
1153 4328 1337 4397 metu,
1381 4338 1412 4378 c
1431 4339 1550 4377 um
1593 4314 1638 4377 d
1657 4317 1745 4380 ioe
1764 4338 1904 4379 ere.
