3181 5188
1735 474 1815 540 76

853 675 1138 743 Sallustii
1198 686 1555 761 temporum
1619 678 1782 741 ratio
1865 697 1981 762 pro
2048 676 2457 760 reliquiarum
2521 676 2872 760 exiguitate

691 785 846 848 satis
892 786 1070 849 varia
1114 793 1243 868 est,
1306 794 1520 850 tamen
1576 786 1643 849 in
1701 784 1866 849 bello
1926 783 2307 868 Iugurthino
2352 784 2627 848 varietas
2669 784 2873 848 maior

691 903 786 959 est
830 915 1021 980 quam
1063 895 1129 956 in
1174 893 1452 958 Catilina
1493 894 1825 979 omnisque
1867 893 2137 957 elocutio
2177 891 2502 977 ¹frequenti
2536 914 2656 956 usu
2691 914 2870 978 prae-

691 984 899 1082 sentis,
935 1000 1219 1066 historici
1260 1002 1555 1066 vicacior.

853 1110 960 1174 De
1002 1111 1316 1174 enuntiati
1358 1109 1718 1187 secundarii
1763 1109 2174 1174 collocatione
2214 1106 2374 1171 haec
2413 1115 2696 1172 statuere
2726 1129 2870 1193 pos-

691 1240 926 1281 sumus.
1009 1217 1205 1304 Apud
1264 1217 1637 1284 Sallustium
1695 1218 2090 1281 enuntiatum
2150 1237 2190 1279 a
2229 1215 2542 1300 particula
2597 1239 2735 1278 cum
2777 1217 2870 1279 in-

691 1326 928 1411 cipiens
971 1325 1309 1391 duodecies
1352 1326 1632 1410 positum
1675 1334 1771 1389 est
1832 1333 1982 1388 ante
2043 1323 2440 1387 enuntiatum
2501 1322 2872 1408 primarium

690 1433 863 1517 (Cat.
897 1434 952 1498 7.
995 1431 1138 1518 Iug.
1169 1435 1235 1508 3,
1274 1433 1421 1498 hist.
1467 1433 1535 1516 2)
1580 1432 1889 1517 imprimis
1933 1432 1988 1495 si
2031 1430 2469 1494 coniunctivus
2514 1430 2873 1515 imperfecti

689 1542 754 1604 in
800 1542 1126 1605 enuntiato
1182 1540 1555 1605 secundario
1573 1588 1589 1619 ‚
1649 1538 2030 1602 indicativus
2087 1537 2357 1623 perfecti
2415 1539 2482 1601 in
2541 1539 2871 1603 enuntiato

689 1649 989 1734 primario
1034 1658 1150 1713 est.
1219 1647 1473 1732 Viginti
1513 1648 1796 1732 quinque
1831 1647 1987 1711 locis
2032 1647 2318 1731 sequitur
2346 1647 2745 1710 enuntiatum
2775 1670 2871 1712 se-

690 1755 1061 1820 cundarium
1117 1756 1432 1820 actionem
1488 1755 1860 1840 primariam
1921 1752 2091 1837 (Cat.
2135 1754 2193 1818 3.
2265 1752 2407 1837 Iug.
2456 1754 2551 1818 13.
2609 1754 2756 1819 hist.
2801 1755 2868 1838 9)

688 1865 997 1949 imprimis
1041 1865 1093 1927 si
1135 1864 1202 1927 in
1243 1873 1516 1948 utroque
1559 1864 1888 1928 enuntiato
1933 1862 2329 1929 indicativus}
2356 1864 2710 1946 praesentis
2755 1874 2868 1928 est.

690 1973 1074 2052 Quindecies
1116 1974 1396 2058 positum
1439 1983 1535 2038 est
1579 1973 1978 2037 enuntiatum
2007 1971 2450 2037 secundarium
2479 1973 2645 2036 inter
2674 1993 2871 2036 enun-

686 2081 830 2145 tiati
871 2081 1155 2166 primarii
1196 2091 1411 2166 partes
1455 2081 1627 2166 (Cat.
1673 2081 1730 2145 6.
1789 2081 1932 2164 Iug.
1978 2081 2034 2144 7.
2093 2080 2238 2169 hist.
2268 2080 2356 2163 2).
2442 2079 2633 2144 Hanc
2675 2103 2867 2145 enun-

686 2189 828 2253 tiati
896 2189 1252 2254 secundarii
1317 2190 1797 2254 collocationem
1863 2188 2169 2253 habemus
2202 2223 2205 2226 ·
2234 2190 2575 2274 praecipue
2592 2240 2609 2272 ,
2682 2190 2735 2252 si
2803 2190 2870 2254 in

689 2298 1016 2362 enuntiato
1058 2298 1358 2382 primario
1401 2319 1706 2381 praesens
1726 2296 2132 2378 historicum,
2185 2298 2249 2360 in
2290 2298 2617 2361 enuntiato
2649 2318 2867 2361 secun-

687 2404 864 2469 dario
910 2406 1348 2468 coniunctivus
1391 2404 1750 2490 imperfecti
1793 2415 1911 2469 est.

848 2510 928 2575 In
975 2513 1316 2576 enuntiatis
1360 2535 1400 2576 a
1441 2512 1754 2598 particula
1791 2525 2126 2599 postquam
2184 2510 2636 2598 incipientibus
2677 2510 2867 2575 habe-

683 2642 826 2685 mus
900 2622 1068 2706 apud
1128 2606 1501 2687 Sallustium
1571 2635 1900 2707 nunquam
1962 2621 2360 2686 enuntiatum
2427 2619 2871 2684 secundarium

688 2729 1064 2793 collocatum
1105 2739 1252 2815 post
1295 2729 1693 2793 enuntiatum
1721 2729 2126 2814 primarium3
2172 2729 2238 2792 in
2270 2728 2548 2793 Catilina
2590 2728 2869 2811 positum

687 2845 785 2901 est
826 2835 1191 2902 undevicies
1234 2847 1386 2901 ante
1428 2837 1828 2901 enuntiatum
1870 2838 2260 2922 primarium,
2324 2836 2658 2921 quinquies
2702 2835 2870 2899 inter

687 2945 1000 3009 enuntiati
1042 2944 1326 3029 primarii
1367 2953 1603 3030 partes,
1648 2946 1715 3008 in
1744 2944 2059 3029 Iugurtha
2100 2946 2306 3009 sexies
2351 2953 2414 3008 et
2454 2944 2647 3007 vicies
2692 2952 2867 3007 ante-

687 3052 874 3136 cedit,
921 3052 1157 3137 septies
1202 3061 1266 3116 et
1306 3052 1500 3116 vicies
1547 3052 1859 3117 enuntiati
1888 3053 2173 3138 primarii
2203 3050 2491 3137 partibus
2535 3059 2633 3115 est
2674 3050 2864 3115 inter-

686 3161 981 3246 positum.

849 3268 1172 3333 Numerus
1231 3269 1704 3333 enuntiatorum
1757 3291 1797 3332 a
1854 3268 2167 3354 particula
2223 3266 2372 3331 dum
2431 3267 2869 3352 incipientium

685 3378 778 3441 ita
819 3400 1054 3462 parvus
1099 3388 1213 3461 est,
1277 3386 1350 3441 ut
1394 3377 1918 3442 consuetudinem
1980 3378 2310 3441 enuntiata
2352 3375 2704 3463 collocandi
2757 3376 2869 3439 vix

685 3507 1019 3570 agnoscas.
1105 3485 1185 3550 In
1229 3486 1572 3550 enuntiatis
1616 3507 1655 3549 a
1696 3486 2009 3571 particula
2050 3486 2163 3549 ubi
2199 3483 2647 3571 incipientibus
2675 3484 2869 3567 longe

684 3594 1016 3677 praevalet
1053 3615 1205 3657 usus
1250 3594 1651 3658 enuntiatum
1694 3592 2140 3658 secundarium
2182 3590 2631 3679 interponendi
2672 3592 2866 3677 parti-

687 3699 805 3764 bus
851 3701 1166 3766 enuntiati
1206 3701 1507 3786 primarii.

850 3808 1045 3895 Apud
1076 3808 1391 3873 Velleium
1425 3810 1833 3874 Paterculum
1864 3810 2312 3895 interpositum
2341 3819 2438 3874 est
2469 3809 2867 3875 enuntiatum

687 3917 1128 3983 secundarium
1185 3917 1514 3982 enuntiato
1573 3918 1877 4003 primario
1937 3919 2215 3981 maxime
2283 3918 2337 3980 si
2403 3920 2470 3980 in
2539 3918 2866 3985 enuntiato

686 4024 1059 4090 secundario
1105 4025 1544 4090 coniunctivus
1588 4026 1945 4111 imperfecti
1974 4026 2077 4090 vel
2113 4025 2719 4110 plusquamperfecti
2748 4036 2864 4090 est.
2911 4095 2914 4098 ,

851 4132 1047 4219 Apud
1093 4133 1391 4197 Tacitum
1433 4133 1761 4218 praevalet
1805 4133 2133 4198 collocatio
2174 4137 2217 4214 β
2274 4135 2341 4197 in
2382 4143 2598 4204 enunt⁸>
2644 4155 2683 4197 a
2722 4155 2861 4218 par·

688 4242 881 4306 ticula
909 4265 1046 4307 cum
1090 4240 1558 4326 incipientibus,
1604 4241 1658 4305 si
1698 4243 1766 4305 in
1808 4243 2134 4307 enuntiato
2165 4223 2464 4330 primario
2493 4243 2866 4328 perfectum,
