3181 5188
1387 578 1470 643 45

1222 666 1615 674 ..ᾔ-’.ψ-

722 843 840 906 De
881 864 1026 907 usu
1085 842 1568 927 particulae
1629 840 2122 926 priusquam

1023 983 1245 1068 apud
1288 983 1816 1049 Sallustium.

324 1142 378 1207 Ι.
453 1165 628 1207 cum
671 1143 1217 1206 coniunctivo
1261 1141 1753 1225 praesentiS.

506 1291 561 1332 a.
627 1270 693 1330 in
756 1269 1085 1331 enuntiato
1151 1268 1449 1351 primario
1523 1265 1906 1330 indicativus
1971 1268 2326 1350 praesentis
2399 1276 2513 1331 est.

626 1376 691 1458 δ)
738 1375 879 1440 Cat.
922 1376 983 1459 4,
1026 1375 1068 1438 5
1118 1399 1332 1460 pauca
1389 1375 1577 1459 prius
1632 1373 2048 1459 explananda
2108 1388 2269 1454 sunt,
2328 1400 2513 1461 quam

608 1483 892 1568 faciam.

510 1590 568 1655 b.
627 1591 1081 1675 imperativus:
1126 1592 1197 1675 a)
1244 1589 1384 1655 Cat.
1436 1592 1489 1673 1,
1534 1590 1574 1654 6
1613 1591 1989 1676 priusquam
2033 1591 2332 1677 incipias,
2375 1615 2513 1655 con·

625 1700 807 1764 sulca.

330 1840 419 1904 H.
502 1863 670 1905 cum
714 1841 1185 1905 indicativo
1230 1841 1604 1926 perfecti.

512 1988 568 2030 a.
626 1968 693 2030 in
750 1968 1078 2031 enuntiato
1134 1967 1436 2050 primario
1502 1966 1761 2030 indicat.
1820 1967 1980 2051 perf.
2038 1976 2173 2030 est:
2247 1967 2314 2050 ὃ)
2375 1967 2515 2032 Cat.

627 2076 727 2158 51,
772 2074 872 2138 34.
958 2074 1099 2158 Iug.
1142 2075 1241 2158 35,
1286 2075 1343 2138 8.

370 2198 373 2201 ·
482 2178 570 2246 ‘b.
629 2203 934 2267 praesens
976 2181 1122 2256 hist.
1207 2185 1277 2265 β)
1322 2180 1464 2265 Iug.
1512 2182 1613 2264 97,
1656 2182 1715 2244 4.

329 2315 453 2387 III.
500 2345 669 2387 cum
712 2326 1263 2388 coniunctivo
1309 2324 1812 2408 imperfecti.

630 2451 696 2513 in
768 2451 1097 2514 enuntiato
1171 2449 1472 2534 primario
1543 2448 1896 2512 infinitivus
1982 2458 2079 2513 est
2160 2448 2519 2512 historicus.

718 2557 782 2636 δ’)
827 2556 970 2642 Iug.
1016 2558 1076 2643 4,
1120 2558 1177 2623 6.

328 2697 447 2762 IV.
491 2721 657 2763 cum
701 2703 1258 2766 coniunctivo
1303 2700 1805 2783 imperfecti.

510 2846 567 2887 a.
629 2826 694 2888 in
739 2828 1070 2890 enuntiato
1128 2827 1429 2911 primario
1484 2824 1795 2890 habemus
1856 2824 2250 2909 perfectum:
2314 2828 2383 2909 β)
2431 2848 2519 2890 or.

630 2932 726 2997 Le
774 2984 787 2998 .
877 2985 890 2998 .

438 3037 441 3044 ’
511 3039 572 3105 b.
630 2935 934 3125 prsesgns
977 3041 1370 3106 historicum.
1453 3042 1524 3125 β)
1569 3039 1714 3124 Iug.
1756 3040 1858 3124 54,
1906 3041 2002 3105 10.
2072 3041 2173 3124 59,
2218 3041 2273 3104 1.

515 3169 567 3211 c.
629 3147 1014 3212 infinitivum
1054 3148 1447 3214 historicum.
1532 3149 1601 3234 γ)
1651 3146 1793 3212 Cat.
1842 3148 1939 3232 13,
1981 3147 2041 3212 3.

327 3280 417 3346 V.
492 3282 893 3346 enuntiatum
951 3280 1396 3345 secundarium
1453 3280 1694 3366 pendet
1758 3302 1890 3343 non
1948 3301 2030 3344 ex
2085 3282 2337 3346 actione
2397 3283 2520 3365 pri·

483 3389 706 3452 maria.

636 3495 781 3561 Cat.
824 3496 925 3578 32,
974 3496 1006 3559 1
1054 3545 1068 3559 .
1095 3545 1109 3560 .
1139 3545 1152 3559 .
1181 3494 1457 3575 credens,
1497 3496 1875 3581 priusquam
1919 3544 1933 3559 .
1959 3544 1973 3559 .
1997 3543 2012 3559 .
2036 3542 2051 3560 .
2108 3496 2525 3560 scriberentur

722 3617 1107 3689 antecapere,
1143 3602 1476 3689 profectus
1505 3616 1611 3668 est.
1667 3604 1768 3687 44,
1797 3604 1838 3667 3
1866 3605 2075 3680 mimit,
2108 3616 2175 3667 ut
2203 3640 2287 3650 —
2301 3603 2522 3689 prius-

717 3736 900 3797 quam
940 3725 1287 3799 perqerent,
1331 3710 1792 3797 confirmarent.
1878 3711 2019 3795 Iug.
2049 3711 2151 3796 25,
2189 3711 2269 3775 10
2297 3713 2526 3797 efficere

698 3833 940 3906 potest,
1025 3833 1094 3883 ut
1175 3820 1554 3905 priusquam
1636 3820 2125 3899 circumveniret,
2192 3820 2522 3905 potiretur.

717 3928 816 4009 44,
849 3928 891 3992 3
923 3927 1200 4014 putabat
1240 3950 1365 3991 non
1395 3928 1592 4013 prius
1632 3928 1954 4015 attinyere,
1995 3951 2186 4012 quam
2213 3927 2524 4013 coeqisset.

1072 4108 1315 4194 Apud
1374 4109 1785 4174 Velleium

331 4261 479 4304 cum
535 4242 938 4305 coniunctivo
998 4230 1383 4327 imperfecti=
1410 4241 1817 4306 antecedenti
1880 4242 1947 4304 in
2018 4242 2345 4305 enuntiato
2398 4242 2522 4324 pri-

330 4349 535 4412 mario
579 4345 881 4434 perfecte.
968 4350 1039 4433 β)
1083 4345 1156 4414 Π
1191 4350 1292 4433 42,
1334 4350 1376 4414 3
1421 4363 1697 4415 revectus
1752 4349 1843 4413 ad
1896 4371 2089 4428 mare,
2145 4349 2525 4434 priusquam
