3181 5188
1385 617 1467 680 49

327 820 540 899 patur,
600 826 672 880 ut
715 816 1030 900 significet
1089 815 1329 900 aliquid
1373 816 1541 901 quod
1585 816 1668 880 ad
1711 837 1898 880 omne
1941 826 2190 902 tempus
2236 827 2504 902 spectet.

327 923 624 988 absolute
663 925 861 1007 igitur
903 925 1240 987 coniuncta
1282 934 1378 987 est
1431 925 1598 988 actio
1656 924 2031 991 secundaria
2075 947 2216 988 cum
2258 927 2510 990 actione

328 1032 663 1116 primaria,
723 1033 777 1095 si
820 1041 1089 1116 tempu
1109 1053 1138 1094 s
1184 1041 1573 1116 spectamus3
1637 1033 1903 1096 relative
1946 1043 2113 1096 esset
2155 1034 2509 1116 coniuncta,

333 1140 411 1222 si,
454 1148 526 1203 ut
569 1139 928 1224 exemplum
971 1139 1275 1222 adferam,
1323 1137 1547 1204 Cicero
1593 1162 1653 1225 p.
1676 1139 1865 1204 Rosc.
1896 1140 2043 1204 Am.
2063 1140 2163 1224 40,
2194 1142 2311 1205 116
2344 1163 2510 1205 non:

332 1245 433 1309 ad-
467 1247 645 1310 cuius
668 1245 866 1333 fidem
928 1246 1251 1333 confuqiet
1307 1246 1382 1329 ie,
1440 1270 1578 1310 cum
1631 1245 1907 1310 laeditur
1966 1248 2340 1332 scripsisset,
2398 1247 2511 1312 sed

329 1379 471 1419 cum
515 1354 812 1419 laedetur.
867 1353 950 1418 In
993 1353 1285 1416 omnibus
1327 1354 1471 1436 illis,
1515 1376 1680 1438 quae
1712 1353 2061 1418 Hoffmann
2098 1357 2511 1438 enumeravit,

329 1462 640 1547 exemplis
684 1464 848 1526 ratio
892 1461 1258 1547 temporalis
1322 1483 1521 1546 prope
1577 1462 1823 1526 accedit
1874 1462 1956 1527 ad
2009 1464 2321 1527 rationem
2364 1485 2510 1526 con-

330 1569 727 1636 dicionalem.
817 1569 1217 1654 Quamquam
1281 1570 1477 1652 igitur
1528 1571 1596 1631 in
1649 1569 1747 1632 his
1802 1569 2107 1654 exemplis
2149 1572 2312 1634 ratio
2355 1580 2510 1635 tem-

329 1678 568 1762 poralis
609 1701 741 1742 non
783 1680 1036 1762 integra
1078 1688 1175 1742 est
1221 1687 1284 1741 et
1327 1700 1514 1762 pura,
1578 1687 1792 1741 tamen
1853 1678 2268 1744 indicativum
2319 1678 2509 1743 habe-

327 1807 493 1869 mUS,
541 1789 691 1871 quia
733 1788 798 1850 in
843 1787 1187 1851 enuntiatis
1225 1784 1763 1849 condicionalibus
1803 1785 1993 1849 simili
2028 1767 2277 1850 ratione
2319 1808 2511 1871 quam

329 1895 402 1956 in
447 1894 792 1958 enuntiatis
836 1917 876 1958 a
918 1894 1230 1980 particula
1289 1917 1424 1958 cum
1491 1893 1940 1977 incipientibus
1999 1915 2299 1979 mereque
2352 1904 2510 1958 tem-

328 2002 655 2085 poralibus
734 2005 899 2067 actio
979 2003 1355 2067 secundaria
1428 2002 1666 2065 actioni
1737 2002 2076 2087 primariae
2142 2001 2513 2066 coordinata

326 2110 543 2193 potius
588 2119 684 2173 est
728 2132 917 2195 quam
961 2110 1392 2174 subordinata.

370 2328 372 2330 Ὺ
497 2240 556 2304 b.
615 2264 805 2327 prae
825 2266 873 2307 S.
919 2280 999 2290 —
1043 2243 1284 2306 futur.
1372 2241 1752 2325 (Hoffmann
1794 2264 1854 2326 p.
1899 2242 2193 2326 67—69.)
2288 2242 2369 2307 In
2409 2242 2508 2307 his

329 2349 638 2435 exemplis
714 2353 1109 2415 enuntiatum
1172 2352 1540 2435 primarium
1602 2352 1694 2414 ita
1755 2360 2187 2435 comparatum
2246 2360 2344 2415 est
2362 2401 2380 2434 ,
2439 2360 2511 2415 ut

330 2456 416 2521 ad
468 2478 664 2520 unum
725 2458 1021 2543 quodque
1084 2466 1334 2540 tempus
1401 2466 1663 2543 spectet.
1772 2456 2255 2536 Quodammodo
2315 2460 2512 2540 igitur

330 2563 625 2629 absoluta
667 2573 762 2629 est
807 2567 973 2631 actio
1018 2565 1319 2651 primaria
1358 2566 1424 2628 in
1466 2574 1826 2649 temporum
1862 2567 2109 2630 ratione
2150 2564 2232 2630 ab
2261 2567 2512 2630 actione

329 2672 734 2756 secundaria3
795 2673 917 2737 hoc
981 2674 1149 2738 enim
1207 2660 1286 2737 'ea‘
1328 2672 1407 2736 de
1450 2694 1643 2736 causa
1685 2672 1895 2737 dicere
1936 2696 2306 2758 possumus,
2362 2676 2512 2759 quia

333 2781 403 2842 in
448 2782 794 2844 enuntiatis
838 2803 878 2844 a
919 2781 1232 2866 particula
1261 2803 1396 2844 cum
1427 2780 1876 2865 incipientibus
1906 2802 2069 2865 quae
2096 2781 2511 2845 indicativum

331 2887 643 2973 praebent
709 2890 876 2953 actio
932 2888 1308 2952 secundaria
1358 2888 1526 2951 idem
1568 2888 1740 2951 valet
1794 2887 1963 2972 quod
2004 2890 2169 2952 actio
2213 2890 2513 2974 primaria

330 2995 441 3078 ita,
482 3004 554 3058 ut
596 2997 964 3081 saepissime
1007 2996 1174 3059 inter
1216 3017 1285 3058 se
1327 2995 1559 3058 mutari
1602 2996 1863 3079 possint.

498 3150 551 3192 c.
614 3128 810 3212 perf.
855 3127 1039 3190 hist.
1082 3164 1165 3172 —-
1207 3148 1457 3211 praes.
1502 3125 1695 3214 hist.
1738 3126 1829 3211 (p.
1872 3125 1998 3209 70.)
2073 3124 2153 3189 In
2192 3126 2315 3190 hoc
2354 3136 2510 3190 tem·
2563 3145 2568 3149 ’

331 3255 560 3319 porum
603 3235 970 3299 discrimine
1022 3256 1098 3298 ea
1141 3233 1220 3298 de
1263 3256 1450 3297 causa
1493 3233 1941 3316 offendendum
1997 3255 2126 3296 non
2186 3242 2301 3318 est,
2365 3235 2515 3318 quia

332 3365 535 3428 praes.
578 3342 726 3406 hist.
771 3341 941 3405 idem
984 3342 1155 3406 valet
1211 3363 1286 3405 ac
1327 3343 1759 3426 praeteritum.
1863 3340 2011 3405 Non
2056 3340 2356 3425 intellego
2402 3364 2513 3404 cur

333 3449 688 3540 Hoffmann
731 3447 812 3512 de
856 3448 988 3513 Cic.
1036 3448 1177 3513 Cat.
1222 3471 1309 3513 m.
1352 3449 1411 3531 4,
1454 3450 1527 3513 11
1582 3450 1915 3512 Tarentum
1982 3472 2123 3512 vero
2179 3473 2303 3534 qua
2353 3450 2509 3534 viqz‘·

279 3585 310 3614 ο
334 3556 542 3619 lamia
602 3559 849 3642 recepit,
904 3580 1041 3620 eum
1088 3605 1141 3619 ..
1168 3605 1181 3618 .
1238 3558 1444 3641 inquit
1488 3605 1541 3620 ..
1602 3566 1732 3620 tam
1789 3555 1990 3619 multa
2043 3555 2241 3619 verba
2298 3555 2510 3638 faciat,

331 3685 483 3726 nam
523 3666 751 3749 recepit
792 3686 906 3749 pro
950 3664 1159 3747 logico
1203 3663 1488 3748 perfecto
1531 3662 1900 3727 habendum
1942 3685 2072 3726 non
2116 3673 2230 3727 est.

497 3795 556 3860 d.
612 3795 811 3880 perf.
854 3795 1043 3860 hist.
1101 3832 1186 3841 —-
1242 3817 1507 3880 praes.
1552 3817 1816 3880 praeS.
1904 3796 2094 3859 Actio
2140 3795 2513 3859 secundaria

331 3903 437 3967 vel
478 3903 560 3966 ad
606 3925 795 3968 omne
838 3914 1087 3989 tempus
1129 3904 1353 3968 referri
1396 3912 1628 3988 potest,
1688 3904 1791 3967 vel
1846 3924 2147 3988 praesens
2192 3903 2509 3988 explican-

332 4010 485 4074 dum
529 4020 626 4074 est
670 4032 752 4074 ex
795 4010 1124 4074 alacritate
1165 4011 1555 4093 elocutionis,
1601 4012 1712 4093 ita,
1756 4019 1828 4073 ut
1870 4009 1952 4074 ad
1995 4020 2289 4074 naturam
2330 4032 2509 4095 prae·

328 4119 530 4181 sentis
585 4118 848 4181 accedat
908 4118 1211 4182 historici.
1297 4118 1675 4181 Accuratius
1737 4117 2054 4201 explicare
2115 4118 2284 4183 hunc
2326 4139 2510 4180 usum

328 4245 460 4288 non
502 4246 857 4310 possumus,
902 4228 1052 4309 quia
1093 4226 1217 4289 tria
1236 4234 1506 4308 tantum
1547 4224 1855 4288 habemus
1888 4225 2196 4309 exempla,
2242 4246 2510 4310 quorum

326 4331 454 4396 duo
499 4332 755 4417 quidem
797 4331 1020 4416 (Verg.
1069 4330 1306 4415 Georg.
1348 4330 1383 4394 I
1424 4331 1564 4395 287.
1651 4330 1757 4395 ΠΙ
1798 4333 1947 4415 457)
2012 4334 2103 4395 ita
2145 4343 2514 4416 comparata

2080 4442 2114 4485 4
