3181 5188
1239 609 1263 637 =
1677 574 1760 641 48

1173 831 1288 895 De
1340 853 1485 894 usu
1539 829 2019 914 particulae
2074 853 2259 894 cum.

795 966 872 1029 E.
939 961 1290 1028 Hoffmann
1307 1015 1324 1047 ,
1413 985 1556 1027 cum
1623 963 1793 1027 dicat
1872 964 1939 1026 in
2018 964 2367 1027 enuntiatis·
2428 941 2822 1029 secundariis

632 1096 670 1137 a
712 1072 1025 1158 particula
1067 1096 1205 1137 cum
1261 1071 1712 1156 incipientibus
1773 1071 2155 1136 indicativus
2220 1093 2360 1135 esse
2423 1093 2551 1135 non
2614 1095 2823 1157 posse,

631 1182 754 1244 nisi
814 1182 979 1244 actio
1047 1179 1426 1244 secundaria
1491 1180 1783 1243 omnibus
1861 1202 1940 1243 ex
2012 1178 2301 1264 partibus
2378 1181 2664 1264 aequalis
2742 1183 2827 1245 sit

631 1289 868 1352 actioni
909 1289 1249 1373 primariae
1264 1338 1281 1370 ,
1351 1289 1564 1351 omnia
1607 1287 1715 1351 illa
1759 1287 2049 1372 exempla
2092 1287 2158 1349 in
2201 1286 2431 1370 quibus
2478 1296 2541 1351 et
2585 1287 2822 1352 indica·

633 1397 802 1459 tivus
848 1405 946 1459 est
989 1406 1052 1459 et
1094 1405 1367 1480 utraque
1411 1396 1601 1477 acti0,
1647 1396 1701 1459 si
1745 1406 2050 1480 tempora
2078 1405 2457 1478 spectamus,
2501 1417 2632 1459 non
2675 1418 2824 1460 con-

633 1507 824 1588 gruit,
869 1506 961 1568 ita
1004 1506 1299 1589 explicat,
1364 1513 1437 1568 ut
1493 1504 1665 1567 dicat
1721 1503 1942 1568 ambas
2003 1504 2286 1567 actiones
2331 1525 2400 1566 re
2442 1525 2595 1567 vera
2653 1505 2822 1568 inter

633 1634 702 1676 se
744 1634 1097 1696 congruere
1137 1634 1257 1676 nec
1298 1614 1422 1676 nisi
1464 1612 1673 1676 forma
1716 1635 1854 1676 esse
1897 1612 2200 1675 diversas,
2290 1610 2480 1691 Quod
2522 1614 2694 1694 ver0,
2749 1621 2820 1676 ut

633 1742 827 1805 supra
868 1712 995 1783 iam
1039 1719 1277 1783 dictum
1319 1728 1438 1801 est,
1505 1719 1797 1803 affirmat,
1862 1719 2306 1805 imperfectum
2352 1729 2416 1784 et
2457 1720 2821 1804 plusquam-

631 1816 1006 1913 perfectum,
1070 1830 1121 1891 si
1175 1828 1362 1892 modo
1426 1830 1677 1892 ratione
1748 1839 2107 1913 temporum
2185 1829 2455 1893 relativa
2516 1837 2825 1912 usurpata

632 1938 779 2017 sint,
818 1937 1289 2000 coniunctivum
1331 1936 1639 2022 praebere
1680 1937 1913 2002 debere
1954 1939 2020 2001 in
2064 1938 2409 2001 enuntiatis
2453 1935 2816 2021 temporali·

633 2045 771 2129 bus,
811 2045 951 2109 illos
995 2066 1249 2130 quoque
1289 2045 1481 2129 locos,
1519 2045 1748 2130 quibus
1780 2047 1876 2108 vis
1914 2046 2282 2130 temporalis
2321 2046 2591 2109 relativa
2615 2045 2825 2107 inesse

632 2153 885 2217 videtur
928 2162 991 2217 et
1032 2152 1230 2217 nihilo
1274 2155 1481 2216 minus
1525 2152 1908 2218 indicativus
1954 2163 2066 2235 est,
2112 2154 2237 2217 alia
2277 2155 2384 2217 via
2429 2152 2721 2236 explicat.

797 2261 1181 2345 Priusquam
1222 2260 1338 2324 has
1379 2260 1758 2326 Hoffmanni
1801 2262 1866 2324 in
1912 2261 2287 2346 explicando
2328 2260 2613 2344 singulos
2647 2260 2821 2325 locos

632 2369 946 2434 rationem
976 2370 1353 2451 examinem,
1377 2369 1701 2454 proferam
1734 2369 1922 2433 liceat
1942 2391 2151 2433 meam
2176 2369 2254 2433 de
2289 2379 2427 2433 tota
2449 2368 2823 2453 quaestione

634 2479 1039 2541 sententiam.

711 2670 713 2673 Α
796 2583 943 2650 Hoc
1005 2586 1141 2649 sine
1203 2583 1395 2650 dubio
1451 2607 1673 2674 verum
1732 2594 1830 2650 est
1892 2586 1959 2674 in
2026 2584 2369 2649 enuntiatis
2431 2608 2470 2649 a
2511 2583 2824 2669 particula

633 2717 773 2758 cum
815 2692 1283 2778 incipientibus,
1346 2695 1399 2757 si
1441 2695 1607 2757 ratio
1652 2694 2017 2778 temporalis
2072 2694 2325 2776 integra
2381 2714 2667 2776 puraque
2724 2701 2824 2755 est

630 2821 842 2884 neque
903 2801 1066 2863 ratio
1133 2800 1401 2864 causalis
1479 2800 1583 2864 vel
1666 2800 1885 2863 similis
1966 2800 2279 2884 quaedam
2349 2800 2637 2864 admixta
2704 2807 2820 2882 est,

631 2918 968 2992 utramque
1009 2908 1325 2971 actionem
1370 2908 1541 2972 idem
1583 2909 1798 2972 valere
1839 2908 1899 2973 h.
1937 2930 1988 2973 e.
2021 2910 2338 2973 actionem
2381 2907 2821 2972 secundariam

630 3037 760 3078 non
803 3023 935 3079 tam
979 3015 1459 3080 subordinatam
1503 3016 1644 3080 esse
1687 3018 1923 3080 actioni
1966 3018 2304 3102 primariae
2349 3038 2539 3101 quam
2577 3014 2819 3079 coordi-

631 3134 880 3203 natam3
943 3134 1006 3187 et
1060 3124 1219 3188 haec
1276 3146 1467 3188 causa
1525 3147 1666 3189 esse
1728 3124 1981 3188 videtur
2044 3125 2373 3188 indicativi
2453 3127 2519 3187 in
2587 3122 2820 3187 talibus

632 3232 993 3295 enuntiatis,
1104 3231 1346 3300 Contra
1389 3234 1443 3296 si
1487 3234 1760 3318 scriptor
1818 3232 1974 3297 duas
2036 3234 2320 3297 actiones
2365 3254 2494 3296 non
2536 3232 2629 3295 ita
2673 3253 2818 3294 con-

630 3340 895 3422 iungere
930 3339 1084 3421 vult,
1129 3348 1201 3403 ut
1225 3334 1491 3404 eandem
1526 3362 1715 3425 porro
1748 3342 1879 3403 vi'm
1915 3340 2197 3405 habeant
2230 3350 2293 3404 et
2319 3340 2668 3430 aequalem,
2707 3337 2822 3402 sed

633 3448 726 3510 ita
767 3455 837 3509 ut
878 3446 1080 3511 altera
1105 3447 1247 3532 plus
1280 3449 1491 3512 valeat
1521 3471 1712 3534 quam
1741 3449 1960 3532 altera,
1994 3449 2300 3513 habemus
2327 3447 2821 3512 coniunctivum.

810 3552 990 3617 Nihil
1029 3564 1127 3619 est
1182 3578 1293 3618 cur
1333 3558 1646 3621 rationem
1703 3557 1870 3621 hanc
1911 3579 2041 3620 non
2082 3556 2470 3642 appellemus
2511 3555 2826 3619 rationem

632 3662 996 3744 relativam,
1059 3662 1234 3726 illam
1262 3749 1266 3753 .
1292 3665 1606 3728 rationem
1670 3663 2062 3749 absolutam,
2128 3664 2241 3728 sed
2295 3664 2417 3728 hoc
2480 3663 2823 3727 discrimen

632 3769 1118 3852 intelligendum
1177 3780 1275 3835 est
1330 3792 1460 3834 non
1520 3769 1602 3835 de
1660 3773 1909 3836 ratione
1971 3772 2325 3857 temporali,
2384 3769 2496 3835 sed
2552 3769 2634 3834 ad
2690 3770 2823 3831 vim

632 3886 828 3961 atque
859 3877 1110 3962 pondus
1140 3880 1471 3964 utriusque
1492 3880 1763 3943 actionis
1785 3879 2208 3944 referendum.
2274 3879 2495 3962 Atque
2529 3877 2823 3962 exempla

632 3984 1050 4069 proferamus.
2772 3995 2777 4000 ’

799 4138 854 4181 a.
913 4117 1281 4182 futurum
1322 4155 1406 4165 —
1446 4142 1706 4204 praes,
1808 4119 2187 4203 (Hoffmann
2246 4120 2553 4204 Zeitpart.
2612 4140 2673 4203 p.
2718 4117 2819 4181 65.

633 4223 762 4306 66.)
849 4247 1151 4310 praesens
1225 4228 1292 4290 in
1370 4229 1699 4292 enuntiato
1772 4227 2143 4292 secundario
2226 4250 2356 4292 non
2427 4228 2492 4291 id
2567 4236 2822 4309 tempus

634 4331 973 4417 significat,
1018 4333 1188 4417 quod
1233 4335 1290 4397 ei
1334 4335 1443 4417 qui
1484 4334 1766 4420 loquitur
1807 4356 2111 4420 praesens
2158 4345 2273 4420 est,
2331 4334 2442 4399 sed
2496 4335 2588 4399 ita
2643 4356 2822 4397 usur-
