3181 5188
1353 629 1424 694 17

281 858 455 921 quae
496 835 850 919 praesentis
897 842 994 897 est
1039 832 1343 917 temporis
1387 831 1643 916 pendet,
1687 830 1993 895 habemus
2025 840 2136 895 aut
2165 832 2478 896 rationem

278 954 651 1028 temporum
692 942 1044 1022 relativam,
1105 940 1159 1003 si
1215 941 1407 1004 etiam
1472 941 1639 1003 actio
1700 939 2075 1003 secundaria
2127 941 2480 1024 praesentis

279 1061 390 1116 est
430 1051 736 1135 temporis
799 1049 879 1113 cf.
926 1048 1071 1112 dial.
1122 1048 1153 1111 1
1199 1070 1384 1133 saepe
1425 1047 1698 1133 requio-229
1715 1098 1732 1130 ,
1796 1071 1908 1110 cur
1971 1048 2254 1111 retineat.
2340 1047 2476 1112 Aut

280 1159 673 1241 absolutam,
720 1159 773 1221 si
817 1157 982 1220 actio
1027 1156 1404 1220 secundaria
1446 1156 1777 1240 praeteriti
1817 1156 2124 1238 temporis
2169 1164 2284 1238 est,
2329 1177 2479 1220 nam

283 1267 459 1332 duae
502 1267 790 1330 actiones
857 1286 1021 1349 quae
1058 1286 1209 1327 non·
1232 1262 1454 1327 eodem
1497 1265 1801 1349 temporis
1853 1263 2106 1326 vinculo
2152 1264 2477 1328 continen-

279 1386 399 1440 tur
440 1396 572 1439 non
614 1374 738 1437 nisi
778 1374 1027 1437 ratione
1071 1371 1363 1435 absoluta
1401 1372 1703 1455 coniungi
1729 1381 2034 1456 possunt:
2081 1369 2160 1434 cf.
2185 1371 2345 1455 Agr.
2376 1371 2475 1435 31.

282 1484 380 1550 G.
423 1484 482 1547 5.
526 1483 626 1548 28.
671 1481 770 1546 25.
832 1481 978 1545 hist.
1023 1479 1059 1543 I
1099 1483 1156 1543 4.
1201 1480 1300 1544 69.
1360 1478 1431 1542 II
1472 1480 1570 1543 39.
1620 1480 1714 1542 73.
1769 1479 1901 1543 100.
1947 1478 2054 1542 ΙΠ
2099 1480 2196 1543 71.
2256 1478 2354 1542 IV
2375 1478 2474 1542 49.

279 1593 393 1656 60.
434 1592 531 1655 73.
618 1610 767 1683 ann.
827 1588 896 1652 Π
935 1589 1032 1652 71.
1114 1586 1222 1650 ΠΙ
1266 1586 1361 1650 12.
1405 1587 1505 1650 53.
1588 1584 1688 1649 IV
1734 1588 1786 1649 1.
1831 1586 1930 1650 37.
1974 1587 2074 1651 40.
2152 1585 2319 1650 XIV
2376 1587 2474 1650 54.

275 1702 357 1763 in
399 1699 497 1763 his
542 1720 795 1783 quoque
853 1696 1160 1780 exemplis
1218 1694 1524 1759 habemus
1587 1694 1904 1758 rationem
1964 1700 2320 1780 temporum
2366 1694 2475 1758 ab·

277 1809 598 1873 solutam:
659 1808 724 1890 a)
770 1805 1139 1868 futurum
1179 1802 1215 1866 I
1274 1840 1352 1881 ÷·-
1408 1823 1673 1887 praes.
1761 1801 1907 1865 hist.
1953 1801 1987 1864 I
2029 1803 2109 1867 38
2170 1816 2477 1866 certamen

276 1916 428 1999 erit,
474 1915 613 2000 quis
654 1916 928 2000 imputet.
1015 1911 1086 1993 b)
1137 1911 1498 1974 futurum
1541 1909 1576 1973 Ι
1621 1945 1704 1955 -
1743 1909 1943 1993 perf.
2030 1910 2175 1974 hist.
2241 1908 2341 1973 IV
2396 1910 2474 1973 67

275 2023 513 2110 quibus
556 2022 799 2086 artibus
840 2019 1218 2099 traduaeerit,
1249 2017 1599 2082 reddemua
1680 2040 1825 2082 ann.
1860 2017 1895 2081 I
1928 2018 2010 2082 58
2048 2042 2166 2103 quo
2200 2017 2475 2082 ludibrio

274 2131 684 2216 conflictatus
746 2131 854 2209 sit,
919 2127 1283 2200 memorabo.
1399 2125 1574 2190 XIH
1633 2126 1716 2190 20
1790 2149 1949 2211 quae
2009 2124 2262 2190 diversa
2325 2150 2475 2211 pro-

277 2237 593 2316 diderint,
639 2235 977 2300 trademus,

455 2345 534 2408 In
577 2345 920 2409 enuntiatis
963 2342 1257 2407 finalibus
1286 2364 1389 2407 res
1420 2343 1511 2405 sic
1545 2365 1612 2406 se
1647 2341 1885 2406 habere
1912 2340 2182 2406 videtur.
2244 2341 2461 2406 Enun-

275 2455 520 2518 tiatum
563 2452 1006 2516 secundarium
1049 2450 1240 2514 finale
1283 2451 1587 2533 continet,
1632 2459 1704 2513 ut
1748 2472 1826 2514 ex
1863 2450 2000 2534 ipso
2035 2452 2291 2514 nomine
2321 2452 2476 2514 satis

279 2570 579 2647 apparet,
642 2560 836 2625 finem
896 2559 1164 2623 actionis
1236 2559 1593 2643 primariae.
1703 2558 1882 2622 Finis
1938 2568 2149 2623 autem
2202 2558 2476 2646 actionis

284 2668 621 2733 cuiusdam
665 2667 899 2753 duplici
939 2668 1187 2730 ratione
1232 2667 1534 2749 coniungi
1577 2675 1791 2751 potest
1835 2688 1977 2730 cum
2019 2669 2270 2731 actione
2300 2668 2476 2730 cuius

281 2777 435 2841 finis
491 2786 619 2859 est,
700 2786 811 2839 aut
868 2776 1116 2838 ratione
1176 2773 1447 2839 relativa
1504 2775 1628 2856 ita,
1694 2784 1764 2837 ut
1818 2773 2101 2857 fingatur
2161 2778 2477 2840 actionem

283 2885 467 2949 illam
520 2906 636 2969 per
693 2884 905 2946 omnia
964 2883 1268 2967 temporis
1327 2891 1654 2945 momenta
1710 2881 2133 2966 subsequens,
2205 2893 2316 2947 aut
2372 2883 2479 2947 ab·

285 2991 504 3055 soluta
557 2991 681 3073 ita,
736 3000 807 3054 ut
866 2999 1121 3076 praeter
1164 2990 1498 3054 consilium
1554 2990 1807 3073 agentis
1852 2990 2168 3055 elucescat
2208 2992 2478 3055 actionis

288 3107 582 3163 eventus.

456 3205 680 3291 Ipsum
735 3215 949 3269 autem
1005 3204 1159 3268 illud
1222 3204 1563 3269 discrimen
1625 3207 1792 3270 inter
1847 3205 2209 3270 absolutam
2262 3215 2327 3270 et
2383 3229 2477 3271 re-

281 3314 555 3378 lativam
620 3324 980 3397 temporum
1044 3315 1355 3377 rationem
1412 3336 1488 3378 ea
1557 3313 1638 3378 de
1708 3336 1897 3378 causa
1968 3314 2254 3378 nondum
2323 3317 2478 3379 satis

287 3422 701 3487 observatum
745 3430 841 3485 est
884 3422 950 3484 in
993 3422 1336 3485 enuntiatis
1378 3421 1708 3506 finalibus,
1771 3422 1941 3507 quod
2008 3422 2233 3487 eodem
2288 3423 2478 3492 modo

288 3541 360 3595 ut
427 3532 497 3594 in
555 3530 1058 3614 interrogatione
1115 3529 1443 3613 indirecta,
1501 3532 1554 3594 si
1612 3540 1885 3615 utraque
1941 3532 2108 3595 actio
2175 3532 2478 3616 temporis

288 3639 650 3722 praesentis
708 3647 806 3701 est
820 3688 838 3721 ‚
917 3637 1250 3702 diiudicari
1312 3638 1535 3722 nequit
1590 3647 1805 3701 utrum
1864 3640 2148 3704 actiones
2209 3639 2479 3703 relativa

288 3748 541 3812 ratione
584 3747 713 3809 sint
758 3747 1097 3810 coniuncta
1139 3767 1224 3809 an
1267 3745 1585 3829 absoluta,
1626 3747 2065 3810 coniunctivus
2094 3768 2246 3811 vero
2295 3768 2474 3831 prae-

292 3855 493 3917 sentis
538 3854 647 3938 qui
692 3855 979 3937 sequitur
1006 3853 1363 3938 perfectum
1393 3855 1707 3918 enuntiati
1743 3855 2029 3938 primarii
2055 3856 2147 3919 ita
2176 3854 2478 3939 explicari

291 3961 487 4043 solet,
550 3970 621 4024 ut
687 3960 934 4025 dicatur
990 3961 1345 4046 perfectum
1409 3961 1562 4025 illud
1630 3963 1942 4026 enuntiati
2000 3964 2285 4047 primarii
2347 3964 2478 4026 vim

293 4069 644 4149 praesentis
704 4067 958 4151 habere,
1016 4091 1146 4133 non
1209 4071 1569 4153 praeteriti,
1630 4091 1757 4153 qua
1826 4069 1907 4135 de
1966 4070 2257 4134 doctrina
2311 4070 2480 4134 infra

295 4171 777 4259 disputabimus.

459 4281 538 4346 In
581 4283 924 4347 enuntiatis
968 4284 1166 4367 igitur
1207 4283 1503 4347 finalibus
1546 4282 1854 4348 habemus
1914 4283 2252 4348 discrimen
2308 4286 2475 4348 inter

2050 4416 2080 4463 2
