3181 5188
1719 565 1800 627 32

834 763 910 827 Β.
957 765 1138 828 actio
1181 765 1484 848 primaria
1542 774 1607 827 et
1664 764 2041 829 secundaria
2096 786 2221 828 non
2281 765 2504 831 eodem
2549 771 2861 853 temporis

965 871 1219 935 vinculo
1263 874 1689 936 continentur.

962 981 1032 1057 α)
1090 1001 1293 1063 praes,
1338 1017 1419 1026 -—
1463 980 1622 1065 perf.
1709 979 1870 1063 Agr.
1921 981 2014 1045 10.
2100 981 2245 1045 hist.
2290 982 2389 1046 IV
2429 983 2487 1046 5.

959 1086 1029 1168 β)
1091 1108 1292 1170 praes.
1336 1125 1418 1133 —
1460 1089 1610 1171 imp.
1700 1085 1919 1152 Germ.
1968 1087 2067 1151 28.
2159 1110 2305 1152 ann.
2352 1089 2456 1153 XI
2501 1091 2592 1153 11.

960 1195 1026 1278 y)
1087 1217 1291 1279 praes,
1336 1233 1418 1241 —
1460 1195 1654 1259 futur.
1742 1194 1885 1259 hist.
1932 1195 2029 1259 IV
2073 1196 2171 1259 64.

965 1301 1032 1383 δ)
1087 1301 1247 1386 perf.
1334 1341 1404 1350 --
1450 1324 1656 1387 praes.
1743 1302 1889 1367 hist.
1953 1302 2058 1367 ΠΙ
2128 1303 2226 1368 58.
2325 1304 2421 1368 IV
2478 1306 2574 1370 73.
2676 1305 2738 1370 V
2795 1309 2854 1370 5.

1091 1432 1235 1473 ann.
1280 1408 1350 1473 H
1390 1411 1490 1474 42.
1552 1409 1649 1474 IV
1694 1411 1791 1473 24.
1865 1410 1969 1474 XI
2010 1414 2109 1476 25.
2178 1411 2317 1475 XII
2364 1413 2457 1476 17.
2522 1411 2652 1477 XV
2695 1414 2751 1476 3.
2800 1415 2853 1478 7.

967 1518 1026 1600 ε)
1091 1519 1240 1602 imp.
1325 1553 1408 1563 —·
1449 1539 1653 1602 praes.
1738 1540 1885 1582 ann.
1930 1517 2001 1582 II
2043 1519 2142 1583 56.
2188 1520 2286 1585 39.

963 1626 1025 1708 ζ)
1083 1626 1289 1710 plusq.
1327 1662 1410 1672 —-
1450 1648 1656 1710 praeS.
1746 1626 1893 1691 hist.
1940 1627 1973 1690 I
2019 1628 2115 1691 72.

665 1759 853 1822 Haec
900 1758 1112 1821 omnia
1177 1761 1469 1843 exempla
1543 1770 1693 1823 sunt
1756 1761 2022 1824 rationis
2093 1771 2450 1844 temporum
2521 1761 2851 1825 absolutae

665 1869 832 1930 inter
875 1868 1189 1930 actionem
1231 1868 1598 1951 primariam
1643 1878 1707 1930 et
1750 1867 2220 1950 secundariam3
2289 1870 2644 1952 praesentis
2703 1891 2853 1932 usus

666 1976 733 2038 in
777 1977 1058 2039 euntiato
1104 1976 1477 2040 secundario
1523 1977 1894 2061 saepissime
1939 1977 2351 2062 explicandus
2399 1987 2496 2041 est
2535 2000 2614 2040 ex
2645 1976 2853 2040 Taciti

667 2082 875 2146 studio
918 2105 1021 2147 res
1065 2104 1229 2168 quae
1271 2094 1422 2147 sunt
1460 2085 1790 2167 praeteriti
1831 2084 2136 2169 temporis
2181 2085 2264 2148 ad
2307 2106 2530 2148 causas
2562 2084 2853 2148 omnibus

665 2190 1057 2275 temporibus
1102 2212 1472 2255 communes
1518 2190 1881 2255 revocandi.

824 2298 904 2362 In
948 2300 1292 2363 enuntiatis
1339 2298 1713 2379 causalibus,
1778 2320 1941 2384 quae
2006 2301 2477 2364 coniunctivum
2540 2299 2851 2384 praebent

664 2407 970 2472 habemus
1013 2407 1147 2471 fere
1191 2428 1443 2492 semper
1488 2409 1960 2472 coniunctivum
1993 2408 2349 2492 imperfecti
2392 2418 2455 2472 et
2488 2408 2850 2492 plusquam-

665 2515 952 2601 perfecti,
994 2514 1522 2579 antecedentibus
1566 2517 1631 2578 in
1680 2525 1894 2580 enunt.
1939 2517 2240 2601 primario
2284 2516 2651 2601 praeteritO,
2696 2515 2757 2579 h.
2798 2536 2850 2578 e.

662 2625 978 2688 rationem
1020 2625 1373 2696 relativam.
1459 2624 1709 2687 ratione
1753 2635 2111 2707 temporum
2154 2623 2448 2688 absoluta
2491 2624 2851 2709 explicandi

667 2742 815 2796 sunt
857 2732 1017 2795 loci:
1084 2730 1230 2795 hist.
1274 2730 1309 2795 Ι
1355 2731 1433 2796 15
1476 2732 1544 2795 in
1590 2730 1770 2796 domo
1814 2755 2218 2796 successorem
2261 2732 2588 2817 quaesivit,
2633 2754 2740 2817 eqo
2781 2732 2850 2794 in

665 2838 1025 2925 republica,
1088 2863 1211 2904 non
1283 2840 1437 2923 quia
1501 2863 1625 2901 non
1689 2839 1965 2902 habeam.
2071 2837 2289 2904 Germ.
2335 2839 2416 2902 36
2470 2838 2637 2923 fuit,
2698 2839 2850 2922 quia

668 2947 970 3031 quiescam

832 3052 1262 3117 Indicativum
1306 3062 1369 3117 et
1414 3053 1885 3117 coniunctivum
1928 3052 2236 3116 habemus
2286 3074 2431 3116 ann.
2463 3050 2559 3117 VI
2591 3052 2667 3116 18
2692 3052 2847 3135 (24).

833 3161 938 3225 De
978 3162 1312 3225 modorum
1354 3183 1470 3224 usu
1526 3162 1594 3224 in
1658 3162 2001 3226 enuntiatis
2058 3160 2414 3225 causalibus
2483 3162 2609 3224 iam
2650 3160 2847 3224 Reuss

667 3270 799 3353 egit
852 3271 1243 3354 protulitque
1305 3271 1370 3332 in
1436 3269 1882 3334 dissertatione
1939 3292 1999 3354 p.
2044 3270 2126 3334 29
2183 3269 2465 3333 tabulam
2488 3320 2504 3351 ,
2563 3291 2689 3354 qua
2743 3268 2846 3332 de-

666 3388 1050 3441 monstraret
1087 3378 1383 3442 Tacitum
1414 3380 1477 3441 in
1509 3377 1967 3462 posterioribus
2010 3377 2335 3441 annalium
2376 3377 2553 3441 libris
2597 3377 2847 3460 saepius

667 3487 1138 3549 coniunctivum
1165 3484 1546 3557 ⁸adhibuisse
1589 3487 1656 3549 in
1699 3487 2045 3550 enuntiatis
2090 3508 2130 3549 a
2171 3485 2483 3570 particula
2534 3484 2704 3570 quod
2756 3486 2846 3547 in-

667 3593 1065 3678 cipientibuS,
1109 3614 1301 3677 quam
1330 3594 1395 3656 in
1432 3593 1610 3656 libris
1646 3594 1968 3657 annalium
2004 3593 2321 3678 prioribus
2353 3603 2417 3657 et
2451 3595 2518 3657 in
2549 3592 2845 3657 historiis

665 3700 810 3763 Hoc
851 3710 1064 3765 tamen
1105 3701 1358 3764 Reussii
1401 3700 1621 3766 tabula
1663 3700 1922 3786 probari
1964 3703 2203 3785 nequit,
2268 3704 2417 3788 quia
2482 3704 2675 3767 etiam
2738 3724 2846 3766 eos

664 3809 837 3872 locos
879 3809 1255 3888 numeravit,
1301 3809 1409 3893 qui
1453 3808 1759 3872 orationis
1803 3807 2100 3892 obliquae
2143 3820 2290 3874 sunt
2335 3821 2400 3874 et
2434 3833 2510 3875 ea
2545 3811 2625 3874 de
2656 3832 2847 3873 causa

666 3917 793 3979 iam
836 3916 1306 3979 coniunctivum
1349 3914 1658 4000 praebere
1703 3913 1956 3979 debent.

831 4023 909 4087 In
953 4024 1295 4088 enuntiatis
1357 4024 1779 4088 adversativis
1836 4047 1976 4087 cum
2036 4026 2437 4090 coniunctivo
2501 4026 2843 4111 praevalet,

663 4133 826 4195 sicut
903 4132 970 4194 in
1044 4131 1388 4195 enuntiatis
1455 4131 1812 4195 causalibus
1833 4182 1850 4215 ,
1910 4134 2074 4196 ratio
2140 4142 2498 4217 temporum
2555 4133 2841 4197 relativa.

664 4241 978 4304 rationem
1024 4239 1383 4303 absolutam
1424 4237 1729 4303 habemus
1774 4262 1789 4304 z
