3181 5188
1501 600 1579 663 61

628 823 680 864 c.
744 822 891 864 ann.
936 798 1105 864 XVI
1163 799 1385 883 21,11
1446 812 1503 862 et
1564 823 1725 863 cum
1792 798 2348 864 decernuntur
2410 815 2626 888 sponte

742 908 981 986 absens,
1025 930 1146 971 non
1191 907 1594 985 interfuerat.
2575 890 2578 893 ¹

558 1034 568 1044 ·
628 1015 687 1080 d.
744 1016 889 1080 hist.
934 1013 1041 1078 III
1083 1014 1140 1096 9,
1185 1014 1228 1076 4
1262 1015 1609 1100 permuniit
1652 1027 1818 1078 tutus
1863 1014 2012 1096 locO,
2057 1022 2194 1079 cum
2235 1053 2317 1062 —
2358 1029 2623 1103 teqeren-

742 1136 860 1187 tur.
957 1144 1102 1186 ann.
1148 1121 1181 1185 I
1243 1122 1300 1205 7,
1364 1122 1440 1186 18
1498 1123 1688 1200 misit,
1751 1146 2057 1207 nusquam
2132 1123 2623 1205 cunctabundus,

741 1230 874 1293 nisi
926 1254 1063 1293 cum
1126 1229 1536 1315 loquerentur.
1639 1228 1743 1293 HI
1785 1230 1885 1312 35,
1928 1230 1970 1293 5
2034 1244 2161 1293 tum
2205 1229 2430 1295 audita
2491 1257 2622 1297 am-

745 1338 959 1401 borum
1019 1336 1225 1420 verba,
1283 1336 1587 1400 intensius
1650 1350 1983 1401 excusante
2041 1361 2104 1399 se
2159 1337 2424 1422 Lepido,
2483 1363 2623 1403 cum

747 1443 1093 1508 obtenderet
1175 1442 1762 1529 i'ntelleqereturque.
1887 1441 1985 1507 IV
2046 1443 2146 1526 29,
2219 1447 2247 1507 1
2322 1447 2622 1525 nominat,
2689 1430 2695 1436 ⁵

742 1575 967 1638 maqno
1023 1549 1269 1636 pudore
1315 1549 1627 1630 Caesaris,
1681 1543 1818 1614 cum
1875 1564 2348 1615 accerserentur.
2450 1552 2624 1618 XIII

750 1660 841 1742 13,
889 1659 966 1723 19
1023 1659 1327 1743 misitque,
1389 1657 1571 1722 nulla
1627 1660 2060 1743 parsimonia,
2130 1683 2265 1723 cum
2332 1659 2622 1746 deferret,

742 1767 851 1831 sed
876 1816 889 1830 .
915 1815 930 1829 .
958 1814 971 1827 .
1056 1764 1187 1829 XV
1230 1766 1288 1847 4,
1324 1765 1401 1829 12
1445 1765 1784 1848 Adiabeni,
1829 1790 1966 1829 cum
2002 1790 2480 1851 promovere...
2526 1770 2622 1832 in-

743 1875 1034 1959 ciperent,
1091 1872 1293 1955 facile
1350 1871 1595 1936 detrusi
1648 1896 1795 1936 mox
1853 1872 2218 1937 caeduntur.
2302 1874 2401 1959 55,
2446 1876 2487 1939 2
2549 1890 2623 1956 et,

740 2004 877 2044 cum
922 1993 1256 2062 arceretur,
1301 1977 1564 2062 adferre
1608 1979 1929 2063 dictitans,
1975 1978 2165 2044 docet.
2249 1981 2350 2064 57,
2398 1983 2476 2047 10
2518 2006 2619 2047 ex·

738 2090 987 2174 pressit,
1031 2087 1301 2151 clariore
1342 2086 1621 2172 exemplo
1640 2086 2042 2174 proteqendo,
2090 2110 2227 2151 cum
2267 2088 2620 2175 proderent.

740 2197 885 2261 hist.
930 2194 1002 2259 II
1043 2196 1143 2277 30,
1193 2196 1270 2260 15
1312 2194 1544 2277 fovere,
1590 2195 1787 2258 crebis
1815 2195 2098 2281 epistolis
2116 2197 2360 2281 probra
2395 2197 2629 2262 Othoni

744 2305 1130 2383 obiectantes,
1187 2327 1325 2367 cum
1369 2301 1553 2368 duces
1600 2303 1887 2388 partium
1943 2304 2201 2368 Othonis
2257 2318 2620 2370 astruerent.

742 2435 888 2476 ann.
952 2411 988 2475 I
1040 2411 1099 2493 2,
1147 2411 1181 2474 7
1246 2411 1508 2489 trabere,
1569 2409 1745 2474 nullo
1808 2409 2215 2495 adversante,
2279 2436 2416 2477 cum
2471 2414 2620 2477 ceci-

742 2522 996 2601 dissent,
1043 2519 1499 2598 extollerentur,
1543 2517 1819 2582 mallent.
1905 2518 1975 2582 H
2014 2519 2114 2602 29,
2145 2520 2186 2583 3
2223 2544 2469 2606 ponere,
2514 2522 2620 2585 ab-

744 2630 1070 2693 nuentibus
1112 2629 1368 2708 cunctis,
1413 2651 1548 2691 cum
1584 2626 2078 2713 praetenderent.
2164 2628 2324 2712 Agr.
2364 2631 2462 2714 25,
2492 2630 2550 2694 5.
2580 2631 2621 2694 6

743 2738 1124 2823 sequebatur,
1184 2737 1429 2822 eqreqia
1481 2736 1701 2820 specie,
1761 2758 1900 2799 cum
1951 2736 2387 2822 impelleretur.
2471 2737 2619 2802 hist.

743 2844 841 2909 lV
886 2846 982 2928 78,
1025 2844 1068 2906 4
1110 2867 1219 2908 nec
1258 2856 1534 2929 poterat,
1590 2841 2070 2927 impedientibus
2126 2846 2423 2921 tentoriis,
2481 2868 2620 2908 cum

748 2992 821 2999 —
859 2966 1268 3040 puqnaretur.
1355 2974 1501 3015 ann.
1544 2950 1579 3014 I
1621 2950 1679 3034 8,
1723 2950 1800 3014 27
1859 2964 2224 3036 acceperant
2269 3001 2282 3014 .
2309 3000 2325 3016 .
2354 3002 2367 3016 .
2395 3002 2409 3016 .
2455 2951 2619 3016 diem

743 3060 1048 3125 libertatis
1077 3061 1461 3146 improspere
1488 3060 1805 3145 repetitae,
1839 3082 1977 3123 cum
2005 3058 2338 3123 videretur.
2412 3060 2508 3144 74,
2541 3063 2614 3124 11

743 3169 1112 3251 simulabat,
1183 3168 1543 3233 inevitabile
1602 3169 1867 3247 crimen,
1946 3191 2084 3231 cum
2151 3162 2442 3255 deliqeret
2517 3170 2615 3233 ob·

742 3279 1125 3362 iectaretque.
1209 3275 1316 3340 III
1360 3276 1456 3359 14,
1498 3277 1539 3340 5
1576 3276 1948 3358 firmabant,
2003 3276 2072 3341 in
2127 3276 2405 3340 convicio
2464 3277 2613 3342 G‘er·

741 3386 1008 3464 manici,
1073 3407 1209 3448 cum
1281 3383 1713 3462 discumberet,
1777 3397 2118 3468 arquentes.
2219 3398 2353 3449 erat
2410 3384 2619 3448 Iulius

746 3492 1040 3578 Peliqnus
1056 3540 1074 3569 ,
1150 3490 1420 3554 Claudio
1485 3513 1792 3576 perquam
1862 3490 2254 3574 familiaris,
2322 3514 2457 3555 cum
2516 3493 2615 3556 ob·

745 3601 1011 3664 lectaret.
1114 3597 1253 3662 XII
1312 3599 1407 3681 17,
1463 3599 1502 3662 6
1563 3611 1757 3661 metus
1813 3599 2029 3662 ceteris
2098 3599 2378 3681 iniectus,
2454 3600 2621 3663 nihil

742 3721 935 3770 tutum
967 3708 1146 3784 ratis,
1193 3729 1327 3769 cum
1355 3719 1921 3791 perrumperentur.
1984 3706 2084 3787 40,
2130 3705 2207 3769 10
2231 3709 2618 3791 praecipuus

756 3815 1070 3894 Venutius,
1110 3813 1297 3893 fidus,
1345 3813 1659 3896 defensus,
1706 3836 1840 3877 cum
1887 3826 2125 3877 teneret.

622 3945 675 3986 e.
739 3943 884 3986 ann.
926 3920 1100 3985 XIII
1134 3921 1234 4004 56,
1264 3921 1337 3985 16
1365 3946 1625 4007 quorum
1658 3923 1843 3985 terris
1879 3921 2104 4004 exacti,
2140 3945 2277 3985 cum
2301 3923 2617 4007 petissent,

741 4053 946 4093 errore
991 4029 1172 4116 lonqo
1215 4030 1484 4114 hospites
1527 4030 1706 4115 eqeni
1739 4066 1821 4075 —
1862 4028 2226 4093 caeduntur.

621 4137 665 4201 f.
737 4159 883 4201 ann.
928 4136 997 4200 II
1040 4137 1139 4219 38,
1192 4137 1266 4201 10
1309 4138 1672 4223 effloqi'tatio
1717 4150 1822 4216 est,
1867 4160 2004 4201 cum
2032 4138 2444 4216 convenerint,
2475 4160 2610 4200 con·

744 4268 1009 4331 surqere.

1335 4405 1725 4413 ————————
