3181 5188
1740 554 1822 617 26

860 752 1088 838 Capite
1132 752 1535 818 antecedenti
1585 774 1661 816 ea
1703 759 1953 816 tantum
1993 751 2231 836 protuli
2274 751 2570 836 exempla
2612 774 2899 837 quorum

688 860 1042 946 perfectum
1083 883 1215 925 non
1256 862 1464 946 potuit
1521 882 1651 923 non
1692 881 1809 944 pro
1853 858 2174 943 historic0,
2236 860 2440 944 accipi
2496 882 2669 923 nunc
2726 882 2897 946 quo-

690 972 862 1034 niam
907 969 1442 1033 demonstravisse
1497 989 1600 1031 me
1660 954 1815 1051 puto
1863 988 2048 1030 omne
2091 967 2450 1052 perfectum
2492 977 2726 1032 natura
2765 989 2901 1031 sua

691 1100 831 1141 esse
872 1077 1242 1141 historicum
1283 1076 1529 1160 reliqua
1572 1075 1867 1160 exempla
1908 1074 2231 1160 proferam
2273 1096 2535 1139 necesse
2579 1085 2677 1139 est
2718 1097 2898 1161 quae

690 1206 882 1270 supra
945 1186 1164 1248 omisi:
1227 1184 1388 1268 Agr.
1444 1184 1544 1267 31,
1603 1183 1703 1247 21.
1799 1182 2018 1248 Germ.
2081 1184 2141 1266 5,
2202 1183 2257 1246 7.
2363 1182 2509 1247 hist.
2565 1182 2601 1245 I
2663 1184 2764 1267 37,
2825 1184 2892 1246 1.

689 1292 787 1357 IV
832 1293 930 1373 73,
968 1293 1058 1358 13.
1126 1315 1272 1357 ann.
1316 1292 1389 1356 II
1419 1292 1517 1375 71,
1546 1292 1605 1356 9.
1663 1290 1774 1355 ΙΠ
1811 1292 1903 1376 12,
1950 1292 2025 1356 13
2049 1292 2207 1356 -15,
2266 1291 2365 1356 IV
2400 1292 2501 1376 37,
2539 1291 2598 1357 9.
2641 1292 2744 1376 40,
2779 1291 2890 1357 32.

1157 1488 1275 1553 IV.
1342 1488 1436 1553 de
1491 1488 1940 1573 praesenti
1997 1487 2422 1551 historice.

850 1621 932 1685 In
973 1619 1309 1685 tractanda
1364 1629 1728 1706 temporum
1790 1620 2236 1683 consecutione
2284 1621 2757 1684 enuntiatorum
2801 1643 2889 1685 ex

690 1731 1013 1814 praesenti
1068 1727 1371 1792 historico
1435 1728 1852 1814 pendentium
1910 1737 2063 1792 ante
2122 1729 2335 1791 omnia
2384 1728 2739 1791 tenendum
2783 1738 2889 1791 est

691 1846 893 1901 totam
958 1835 1124 1899 hanc
1187 1856 1323 1899 rem
1386 1857 1517 1899 non
1579 1835 1662 1899 ad
1729 1836 2178 1919 grammaticas
2252 1843 2316 1899 et
2383 1834 2624 1918 logicas
2699 1857 2886 1899 revo-

693 1945 823 2008 cari
866 1965 1054 2028 posse
1095 1942 1375 2026 regulas,
1437 1941 1549 2006 sed
1590 1942 1927 2006 rhetoricis
1970 1951 2040 2006 ut
2081 1943 2173 2006 ita
2226 1942 2435 2006 dicam
2495 1950 2559 2006 et
2613 1942 2884 2027 psycho-

690 2051 915 2134 logicis
959 2049 1397 2115 illustrandam
1440 2071 1582 2114 esse
1622 2049 2011 2131 rationibus3
2069 2050 2357 2134 quaestio
2416 2050 2586 2113 enim
2642 2071 2771 2113 non
2813 2051 2886 2113 in

693 2181 768 2222 eo
835 2168 1127 2223 versatur
1190 2168 1403 2222 utrum
1466 2158 1956 2242 praeteritorum
2011 2179 2092 2220 an
2157 2158 2589 2242 praesentium
2645 2157 2885 2222 habeat

696 2268 1213 2330 consecutionem
1278 2265 1390 2329 sed
1435 2267 1502 2328 in
1546 2288 1641 2349 eo,
1699 2264 1928 2351 quibus
1985 2264 2104 2329 sub
2172 2265 2651 2329 condicionibus
2716 2287 2879 2329 unus

691 2373 935 2438 alterve
1003 2374 1277 2458 scriptor
1343 2374 1410 2436 in
1482 2371 1856 2437 secundario
1932 2393 2186 2457 quoque
2264 2373 2592 2437 enuntiato
2663 2383 2882 2438 utatur

696 2481 1020 2566 praesenti
1061 2480 1385 2547 historico.

865 2587 1043 2667 Quas
1086 2590 1368 2655 rationes
1415 2589 1640 2655 Cicero
1686 2589 1751 2652 in
1792 2578 1915 2653 hac
1952 2611 2024 2653 re
2067 2589 2151 2653 sit
2194 2597 2449 2653 secutus
2491 2588 2883 2673 investigare

693 2696 1071 2761 studuerunt
1088 2697 1332 2762 Lieven
1353 2700 1399 2782 ¹)
1431 2707 1494 2762 et
1526 2696 1979 2762 Motschmann
2002 2697 2075 2779 ²).
2134 2695 2264 2760 Hic
2291 2696 2446 2761 dicit
2482 2697 2880 2761 enuntiatum

694 2805 1156 2889 secundarium,
1200 2808 1254 2869 si
1281 2807 1576 2891 positum
1619 2806 1702 2868 sit
1744 2814 1891 2889 post
1936 2805 2254 2868 actionem
2281 2806 2669 2889 primariam,
2699 2826 2880 2889 prae-

693 2914 892 2976 sentis
935 2912 1172 2977 habere
1214 2915 1746 2996 consecutionem,
1792 2913 1892 2975 sin
1934 2933 2087 2976 vero
2130 2912 2489 2996 antecedat,
2531 2913 2879 2997 praeteriti.

696 3021 953 3087 Similes
1001 3021 1481 3085 observationes
1525 3019 1607 3083 de
1648 3042 1767 3083 usu
1811 3029 1874 3084 et
1919 3020 2377 3084 consuetudine
2407 3019 2700 3084 Caesaris
2735 3041 2879 3104 pro·

695 3129 842 3193 tulit
864 3128 1189 3193 Arnoldus
1217 3128 1375 3212 Hug
1395 3129 1468 3212 ³),
1501 3128 1611 3212 qui
1640 3128 1832 3192 etiam
1854 3150 1930 3192 ea
1958 3129 2288 3191 enuntiata
2315 3127 2690 3192 secundaria
2718 3148 2883 3212 quae

693 3236 1107 3308 indicativum
1163 3236 1471 3321 praebent
1530 3236 1851 3300 tractavit.
1938 3236 2042 3300 De
2094 3235 2316 3300 eadem
2356 3258 2427 3300 re
2486 3237 2620 3319 egit
2677 3256 2880 3319 nuper

694 3343 1082 3428 Heynacher
1107 3344 1184 3429 ⁴),
1230 3346 1331 3408 cui
1375 3367 1522 3409 suas
1565 3366 1785 3408 rursus
1832 3344 2130 3429 opposuit
2173 3345 2525 3409 sententias
2569 3343 2756 3425 idem,
2800 3341 2881 3405 de

696 3473 820 3537 quo
866 3473 1061 3538 supra
1101 3453 1343 3517 dictum
1386 3462 1503 3536 est,
1548 3451 1874 3516 Arnoldus
1918 3450 2169 3535 Hug5).

835 3727 876 3797 ¹)
913 3730 947 3780 l.
987 3745 1031 3779 c.
1067 3746 1118 3795 p.
1157 3732 1203 3779 6.
2331 3776 2345 3795 ¹

831 3813 876 3883 ⁸)
915 3814 1204 3867 doctrinam
1239 3814 1302 3866 de
1336 3822 1621 3880 temporum
1655 3810 2002 3864 consecutione
2032 3809 2177 3876 apud
2203 3807 2489 3861 Oiceronem
2525 3826 2678 3875 quam
2711 3826 2880 3875 nuper

694 3902 928 3968 exposuit
966 3901 1155 3953 Lieven
1191 3901 1433 3967 exemplis
1469 3917 1530 3951 ex
1569 3899 1887 3951 orationibus
1926 3896 2183 3949 Ciceronis
2219 3896 2531 3962 depromptis
2566 3912 2739 3947 veram
2772 3912 2879 3947 csse

693 3989 1092 4041 dmonstratur.
1162 3990 1330 4039 Jonae
1371 3988 1519 4051 1875,
1556 4003 1608 4052 p.
1646 3989 1692 4037 9.
2388 3984 2393 3990 “

830 4074 876 4142 ⁸)
917 4076 1088 4125 :nnaL
1125 4075 1254 4140 phil.
1293 4074 1518 4124 LXXXI
1551 4089 1602 4138 p.
1641 4075 1738 4123 877
1777 4088 1885 4136 sqq.

831 4161 875 4230 4)
912 4162 1232 4227 Hoynacher
1281 4159 1409 4210 Was.
1433 4158 1619 4225 eryiebt
1654 4157 1761 4209 sich
1795 4174 1892 4207 aus
1928 4155 2041 4207 dem
2075 4154 2529 4221 Sprachyebrauch
2567 4154 2759 4205 Οᾶεανε
2809 4155 2879 4205 im
2919 4221 2923 4227 ·

695 4248 880 4301 bellwm
919 4245 1211 4299 Gallicum?
1250 4248 1375 4297 1881
1416 4262 1465 4311 p.
1504 4245 1722 4296 46—51.

834 4332 878 4401 ⁶)
916 4334 1087 4385 annal.
1124 4332 1254 4399 phil.
1293 4332 1485 4383 CXXV
1519 4348 1570 4397 p.
1610 4333 1897 4382 281—286.
