3181 5188
1397 604 1474 667 15

334 803 406 865 in
450 803 862 886 coniunctivo,
921 803 1034 881 ita,
1097 817 1183 882 ut,
1241 827 1354 868 cur
1397 804 1681 888 quodque
1724 817 1963 889 tempus
2014 806 2292 890 positum
2348 819 2517 885 esset,

333 933 456 973 non
505 934 583 973 eoe
624 924 790 974 certa
823 911 1158 996 stabilique
1185 913 1633 991 consecutione,
1679 912 1788 975 sed
1817 935 1894 974 eae
1918 906 2195 998 qemeina
2223 915 2518 999 cuiusque

334 1019 408 1081 vi
443 1017 727 1103 ‘t'ntelleqi
767 1017 1022 1096 deberet,
1072 1033 1255 1104 utque
1298 1019 1478 1083 nulla
1521 1033 1691 1102 esset,
1737 1020 1801 1082 si
1836 1035 2125 1084 accurate
2156 1021 2515 1102 diceremus,

339 1140 681 1212 temporum
723 1128 1087 1190 consecutio,
1175 1125 1273 1191 his
1329 1126 1544 1190 verbis
1587 1127 1844 1191 Wetzel
1894 1128 2052 1192 nihil
2108 1129 2279 1192 aliud
2344 1130 2514 1214 dicit,

335 1235 458 1298 nisi
518 1245 767 1319 tempus
827 1236 1138 1299 enuntiati
1213 1235 1569 1300 secundarii
1637 1236 1786 1319 eligi
1848 1258 1976 1299 non
2047 1259 2160 1321 pro
2230 1248 2516 1324 tempore

337 1345 650 1407 enuntiati
707 1344 1024 1428 primarii,
1083 1343 1194 1408 sed
1256 1364 1370 1428 pro
1428 1354 1660 1407 natura
1718 1346 1915 1428 ipsius
1972 1347 2241 1409 actionis
2295 1368 2513 1411 secun-

340 1452 555 1515 dariae
599 1462 662 1515 et
706 1474 781 1515 ea
836 1451 914 1514 de
967 1473 1156 1514 causa
1212 1453 1383 1516 cerni
1448 1451 1598 1516 illud
1663 1453 1832 1536 quod
1899 1455 2300 1536 grammatici
2369 1476 2513 1517 con-

336 1561 729 1624 secutionem
793 1569 1151 1643 temporum
1216 1570 1449 1624 vocant
1520 1582 1650 1623 non
1712 1570 1960 1624 tautum
2029 1562 2095 1624 in
2172 1563 2517 1626 enuntiatis

340 1667 730 1730 secundariis
775 1689 938 1751 quae
982 1669 1453 1731 coniunctivum
1518 1668 1845 1752 praebent,
1911 1669 2022 1732 sed
2076 1671 2268 1733 etiam
2321 1672 2387 1733 in
2438 1671 2513 1733 iis

337 1797 501 1859 quae
545 1775 960 1839 indicativum
1002 1775 1324 1840 exhibent.
1411 1776 1580 1839 Tota
1623 1778 1821 1859 igitur
1865 1777 1945 1840 de
1975 1787 2334 1862 temporum
2368 1800 2511 1841 con-

338 1885 665 1947 secutione
708 1883 999 1946 doctrina
1056 1883 1212 1946 nihil
1275 1883 1449 1947 aliud
1494 1893 1593 1947 est
1651 1885 1775 1949 nisi
1833 1885 2125 1949 doctrina
2188 1885 2267 1949 de
2322 1887 2514 1949 variis

337 2001 694 2075 temporum
735 1991 1105 2075 rationibus,
1151 2014 1314 2076 quae
1357 2014 1472 2077 pro
1515 2002 1747 2056 natura
1788 1995 2282 2079 uniuscuiusque
2319 2015 2513 2056 enun-

334 2101 636 2163 tiatorum
690 2101 942 2183 generis
1002 2101 1395 2164 intercedere
1455 2110 1722 2184 possunt
1785 2102 1954 2164 inter
2013 2103 2330 2165 actionem
2387 2102 2511 2186 pri·
2555 2098 2560 2103 ’

334 2209 598 2271 mariam
642 2217 705 2271 et
748 2206 1205 2271 secundariam.

495 2314 620 2378 His
663 2315 851 2379 rebus
897 2316 1202 2399 expositis
1246 2313 1327 2377 ad
1371 2315 1623 2402 singula
1665 2316 2129 2399 perveniamus,

497 2423 531 2486 I
580 2425 646 2485 in
698 2424 1041 2487 enuntiatis
1098 2423 1487 2487 secundariis
1555 2424 1978 2488 consecutivis
2041 2434 2104 2488 et
2160 2425 2512 2508 interroga-

334 2531 524 2592 tionis
552 2529 899 2594 indirectae
930 2529 1239 2594 habemus
1280 2531 1755 2593 coniunctivum
1788 2531 2058 2615 perfecti
2095 2532 2514 2598 antecedente

336 2638 401 2698 in
445 2640 772 2702 enuntiato
818 2640 1115 2722 primario
1161 2648 1446 2722 tempore
1490 2637 1813 2703 historico,

503 2746 634 2811 Cic.
694 2768 809 2831 pro
864 2745 1068 2810 Balbo
1111 2746 1152 2809 2
1206 2746 1478 2830 legimus
1540 2759 1781 2831 quanta
1822 2748 2022 2829 fuerit
2078 2748 2353 2812 hesterno
2412 2748 2515 2812 die

340 2854 465 2917 Cic.
526 2854 790 2938 Pompei
836 2859 1126 2940 qravitae
1184 2856 1248 2918 in
1312 2855 1600 2934 dicendo,
1659 2854 1918 2934 indices,
1978 2879 2137 2940 quae
2190 2856 2513 2940 facultas,

335 2984 492 3045 quae
535 2964 752 3046 copia,
815 2986 937 3025 non
1001 2963 1293 3047 opinione
1349 2964 1546 3026 tacita
1588 2977 1931 3026 vestrorum
1974 2964 2344 3047 animorum,
2404 2964 2516 3028 sed

330 3069 670 3153 perspicua
714 3068 1139 3136 admiratione
1182 3073 1512 3137 declarari
1550 3071 1895 3136 videbatur.
1983 3072 2225 3136 adhaec
2262 3071 2511 3137 Cicero-

330 3178 429 3239 nis
486 3176 683 3240 verba
746 3177 956 3243 adfert
1018 3181 1274 3245 Wetzel
1332 3203 1390 3265 p.
1459 3182 1531 3245 16
1593 3180 1951 3244 Buechneri
2015 3181 2510 3260 adnotationem,

334 3284 441 3366 qui
484 3285 575 3347 sic
619 3285 937 3370 disputat:
983 3289 1120 3351 alia
1166 3304 1249 3352 est
1295 3289 1422 3352 loci
1458 3289 1761 3352 sententia
1803 3289 1915 3351 ubi
1947 3291 2194 3370 „esset“,
2240 3289 2378 3352 alia
2410 3290 2520 3352 ubi

335 3390 605 3473 „fueriffl
668 3396 1016 3480 scripseris,
1075 3397 1247 3460 illud
1306 3396 1625 3481 siqnifi’cat
1684 3396 1924 3460 indices
1976 3397 2149 3481 ipsos
2203 3411 2510 3481 perpetua

332 3522 447 3560 sua
487 3499 912 3566 admiratione
947 3505 1341 3588 patefecisse,
1382 3504 1540 3588 quid
1598 3503 1673 3567 de
1716 3504 1979 3589 Pompei
2022 3504 2370 3588 eloquentia
2414 3507 2509 3569 in·

333 3604 619 3669 dicarent
662 3611 957 3692 quantive
1000 3635 1135 3674 eum
1163 3611 1483 3695 facerent,
1528 3625 1594 3674 at
1637 3611 1711 3673 id
1753 3611 2000 3695 quidem
2046 3625 2259 3675 orator
2289 3611 2508 3676 dictio-

331 3716 430 3775 nis
472 3738 597 3777 non
640 3731 766 3797 est,·
806 3721 992 3780 immo
1035 3718 1318 3782 indicum
1362 3719 1480 3782 illa
1519 3718 1941 3781 admiratione
1978 3720 2173 3782 utitur
2208 3732 2511 3804 tanquam

330 3822 672 3885 testimonio
717 3848 837 3908 quo
882 3825 1098 3889 doceat
1140 3826 1484 3903 audientes,
1544 3849 1703 3910 quae
1758 3826 1958 3907 fuerit
2000 3827 2267 3911 Pompei
2301 3831 2368 3891 in
2417 3827 2509 3890 di·

329 3928 521 3990 cendo
560 3932 887 4015 qravitas,·
951 3958 1129 3996 suum
1183 3935 1381 4020 igitur
1438 3936 1644 4019 ipsius
1697 3957 1819 3997 non
1878 3933 2158 3997 indicum
2211 3937 2510 4020 proponit

329 4036 632 4100 indicium
678 4039 814 4122 ipse
857 4039 1112 4105 Wetzel
1153 4041 1251 4105 his
1294 4041 1454 4105 haec
1496 4042 1709 4106 addit:
1765 4054 1967 4127 potest
2024 4042 2220 4128 iqitur
2262 4046 2338 4120 is,
2398 4045 2514 4127 qui

331 4143 605 4228 loquitur
651 4145 726 4207 id
768 4147 937 4231 quod
977 4172 1007 4210 e
1050 4150 1312 4213 subiecti
1343 4151 1660 4236 primarii
1694 4164 1887 4212 mente
1934 4147 2072 4214 dici
2108 4150 2361 4229 deberet,
2388 4175 2508 4237 pro

329 4275 443 4313 sua
488 4254 860 4337 coqitatione
902 4258 1247 4340 eaeprimere
1300 4259 1413 4335 ita,
1481 4271 1546 4320 ut
1588 4256 1661 4319 id
1704 4271 1941 4342 tempus
1997 4273 2214 4341 ponat,
2272 4282 2391 4342 quo
2452 4262 2514 4321 si

330 4373 494 4423 recta
553 4374 704 4423 esset
764 4362 1170 4445 interroqatio
1231 4378 1519 4426 uteretur.
1619 4362 2023 4447 Quamquam
2067 4363 2401 4428 Buechner
2445 4376 2509 4434 et
