3181 5188
1741 605 1824 671 36

684 817 916 871 natura
976 828 1093 871 sua
1152 808 1220 870 in
1283 818 1642 891 temporum
1711 807 1962 870 ratione
2039 816 2139 869 est
2216 804 2506 887 liberior,
2588 824 2718 867 non
2780 804 2877 866 in·

684 916 998 979 venimus.

856 1046 1020 1112 Cum
1061 1056 1274 1111 autem
1311 1068 1440 1110 non
1484 1046 1963 1131 intellegeretur
2025 1055 2229 1110 totam
2289 1044 2455 1109 hanc
2508 1066 2644 1109 rem
2688 1042 2881 1107 facile

690 1154 994 1244 explicari
1051 1176 1239 1239 posse
1281 1156 1335 1217 si
1376 1153 1718 1219 discrimen
1774 1154 1941 1218 inter
1995 1155 2331 1218 relativam
2396 1162 2460 1217 et
2515 1151 2879 1216 absolutam

688 1272 1045 1348 temporum
1088 1264 1401 1326 rationem
1443 1271 1851 1345 statueretur,
1883 1264 2095 1326 omnia
2131 1284 2294 1347 quae
2316 1260 2441 1325 huc
2464 1259 2882 1345 pertinebant

687 1370 893 1434 relata
957 1379 1130 1459 sunt⁹
1163 1371 1246 1434 ad
1307 1371 1631 1455 propriam
1687 1369 2009 1454 quandam
2051 1371 2182 1433 vim
2222 1370 2492 1433 actionis
2536 1368 2882 1453 primariae

682 1475 1105 1562 ‘temporaque
1149 1478 1217 1540 in
1259 1475 1415 1541 duas
1458 1477 1600 1541 illas
1646 1478 1878 1542 classes
1935 1476 2278 1542 distributa
2295 1527 2313 1560 ‚
2369 1498 2534 1561 quae
2589 1476 2884 1559 legitima

691 1586 798 1649 via
837 1586 1005 1649 inter
1047 1607 1117 1649 se
1161 1585 1462 1668 coniungi
1503 1606 1691 1669 posse
1732 1586 2133 1669 grammatici
2174 1593 2434 1668 negant.

854 1716 1037 1781 Haec
1077 1725 1293 1781 autem
1336 1727 1696 1802 temporum
1739 1716 2104 1781 distributio
2143 1739 2220 1781 ea
2249 1716 2328 1781 de
2357 1738 2550 1780 causa
2577 1724 2883 1779 accurata

692 1845 824 1887 non
867 1835 965 1889 est
1009 1835 1073 1889 et
1113 1846 1243 1889 non
1285 1826 1409 1889 nisi
1450 1825 1532 1889 ad
1577 1825 2020 1910 explicandam
2077 1826 2250 1889 illam
2312 1835 2674 1910 temporum
2729 1847 2882 1887 con·

693 1932 1084 1996 secutionem
1126 1931 1300 1996 facta
1343 1954 1483 1996 esse
1511 1932 1767 1997 videtur
1796 1934 1946 2019 quia
1977 1935 2044 1996 in
2080 1935 2511 2018 praesentium
2543 1953 2884 1996 numerum

691 2039 994 2123 redigunt
1082 2049 1147 2105 et
1228 2041 1584 2126 perfectum
1663 2041 1817 2106 illud
1889 2041 2059 2126 quod
2129 2041 2409 2132 logicum
2478 2050 2745 2105 vocatur
2818 2050 2887 2105 et

694 2147 996 2212 futurum.

861 2279 1098 2345 Totum
1128 2303 1281 2345 vero
1316 2281 1472 2346 illud
1509 2303 1735 2366 genus,
1766 2282 1938 2367 quod
1970 2293 2329 2369 temporum
2366 2282 2887 2346 consecutionem

577 2433 582 2439 -
698 2398 952 2472 vocant,
1011 2410 1155 2451 cum
1209 2390 1276 2452 in
1332 2391 1594 2475 propria
1638 2389 1913 2474 quadam
1954 2391 2135 2455 verbi
2170 2391 2456 2475 regentis
2499 2390 2565 2452 vi
2602 2390 2889 2474 positum

700 2517 840 2559 esse
882 2497 1321 2561 existimarent
1363 2499 1783 2582 grammatici,
1844 2498 1908 2562 id
1953 2498 2123 2585 quod
2168 2501 2373 2584 primo
2434 2500 2499 2561 in
2558 2496 2886 2561 nonnullis

700 2613 950 2667 tantum
993 2604 1498 2670 observaverunt
1541 2608 2014 2673 enuntiatorum
2057 2607 2399 2696 generibus
2444 2605 2888 2671 extendebant

703 2712 886 2796 quasi
950 2712 1016 2775 in
1080 2713 1373 2778 omnibus
1434 2715 1696 2799 valeret,
1769 2715 2066 2801 quodque
2135 2717 2203 2779 in
2265 2717 2343 2779 iis
2407 2717 2889 2779 enuntiatorum

701 2821 1044 2904 generibus
1088 2821 1496 2885 observatum
1540 2831 1639 2886 est
1681 2845 1842 2907 quae
1887 2844 2136 2908 semper
2182 2825 2655 2887 coniunctivum
2697 2844 2885 2907 prae·

701 2928 859 2993 bent
909 2929 992 2993 ad
1047 2930 1371 3014 propriam
1414 2929 1736 3015 quandam
1782 2931 2169 2995 coniunctivi
2212 2932 2418 3015 legem
2460 2931 2888 2996 referebatur.
