3181 5188
1741 570 1823 634 22

699 772 975 855 faciunt,
1035 770 1146 836 sed
1207 772 1543 835 statuimus
1604 770 1921 834 actionem
1964 767 2434 851 secundariam,
2492 791 2656 853 quae
2697 791 2875 854 prae-

698 882 872 945 teriti
915 887 1012 944 est
1055 879 1359 964 temporis
1378 929 1395 961 ,
1462 878 1764 960 coniungi
1826 898 2015 961 posse
2074 899 2216 940 cum
2272 877 2525 940 actione
2580 876 2881 961 primaria

700 1007 864 1073 quae
948 987 1252 1071 temporis
1337 996 1435 1050 est
1518 986 1873 1070 praesentis
1961 985 2014 1048 si
2100 1006 2229 1047 non
2312 985 2561 1048 ratione
2638 994 2879 1068 tempo-

696 1117 838 1158 rum
893 1095 1194 1178 relativa,
1254 1104 1320 1158 at
1365 1103 1539 1158 certe
1580 1092 1876 1158 absoluta
1927 1093 2047 1175 ita,
2112 1102 2183 1156 ut
2228 1093 2629 1155 coniunctivo
2675 1093 2875 1177 expri-

699 1212 908 1267 matur
951 1201 1237 1287 perfecti.

1260 1392 1383 1457 ΠΙ.
1452 1392 1542 1456 de
1584 1391 1967 1478 perfecto
2008 1392 2304 1477 logico.

865 1525 1162 1590 Perfecto
1232 1525 1441 1608 logico
1523 1524 1926 1608 grammatici
2012 1524 2196 1609 quasi
2265 1524 2541 1610 quodam
2614 1523 2732 1589 deo
2804 1547 2879 1588 ex

700 1633 994 1698 machina
1035 1643 1302 1697 utuntur
1367 1631 1450 1697 ad
1509 1631 1955 1718 explicandum
1998 1632 2471 1696 coniunctivum
2533 1634 2881 1717 praesentis

602 1748 605 1751 ’
700 1743 767 1805 in
810 1741 1154 1829 enuntiatis
1199 1739 1590 1804 secundariis
1637 1762 1715 1803 ex
1758 1739 2060 1823 perfectis
2104 1738 2548 1825 pendentibus,
2633 1739 2879 1803 Lieven

701 1849 870 1913 hunc
911 1870 1092 1913 usum
1136 1871 1211 1912 ea
1252 1849 1501 1912 ratione
1545 1848 1838 1933 explicat,
1893 1859 1966 1912 ut
2024 1849 2347 1934 propriam
2389 1847 2657 1932 perfecti
2700 1857 2877 1911 natu-

700 1979 841 2023 ram
898 1957 1218 2039 integram
1272 1950 1514 2019 servari
1571 1954 1760 2019 dicat.
1863 1954 2034 2020 Nam
2084 1956 2138 2020 si
2181 1957 2247 2019 in
2291 1958 2620 2021 enuntiato
2663 1977 2879 2020 secun-

702 2064 876 2128 dario
950 2063 1389 2126 coniunctivus
1470 2045 1825 2147 praesentis
1898 2073 2205 2147 sequatur
2273 2065 2625 2149 perfectum
2641 2116 2659 2148 ,
2728 2067 2879 2130 illud

702 2173 1101 2237 enuntiatum
1144 2169 1588 2234 secundarium
1634 2170 1913 2255 pendere
1954 2193 2084 2235 non
2126 2193 2204 2235 ex
2246 2172 2527 2257 perfecto
2573 2175 2882 2239 enuntiati

699 2280 1216 2366 primariiputat,
1262 2276 1373 2342 sed
1405 2300 1485 2341 ex
1519 2280 1842 2362 praesenti
1873 2278 2150 2363 quodam
2194 2278 2363 2363 quod
2402 2281 2702 2344 omissum
2738 2281 2881 2345 sub-

700 2385 1083 2452 audiendum
1153 2384 1620 2470 quodammodo
1696 2387 1777 2449 sit
1847 2385 1965 2449 sub
2027 2385 2223 2449 verbo
2281 2389 2565 2472 regenti,
2625 2411 2722 2452 ex.
2785 2410 2880 2472 gr.

702 2494 944 2574 audivi,
988 2494 1146 2580 quid
1187 2495 1267 2558 sit
1310 2522 1388 2549 =
1431 2493 1648 2557 audivi
1691 2494 1950 2578 scioque
1994 2494 2147 2578 quid
2189 2496 2289 2558 sit.
2398 2493 2527 2560 Sed
2569 2494 2691 2559 hac
2732 2497 2881 2560 arti-

699 2604 1094 2669 ficiosissima
1135 2602 1495 2687 explicandi
1537 2602 1788 2668 ratione
1830 2624 1988 2688 opus
2031 2624 2162 2667 non
2205 2613 2337 2686 est,
2398 2626 2540 2667 cum
2585 2606 2775 2668 etiam
2821 2606 2888 2668 in

699 2713 820 2777 hac
860 2735 931 2777 re
973 2694 1249 2797 speciem
1292 2709 1614 2796 quandam
1656 2711 1919 2776 rationis
1964 2721 2321 2797 temporum
2368 2711 2714 2776 habeamus
2778 2712 2885 2776 ab-

699 2821 961 2903 solutae,
1007 2841 1158 2883 nam
1202 2820 1543 2883 coniuncta
1604 2829 1701 2883 est
1762 2820 1928 2883 actio
1987 2822 2318 2904 praeteriti
2374 2819 2680 2906 temporis
2746 2842 2887 2883 cum

700 2928 952 2992 actione
993 2938 1171 3013 temp
1183 2918 1317 2991 oris*
1355 2927 1729 3012 praesentis.

862 3035 1181 3121 Exempla
1222 3034 1487 3099 Tacitea
1530 3033 1689 3098 haec
1732 3044 1919 3099 sunt:
1964 3033 2112 3098 hist.
2155 3035 2192 3099 Ι
2241 3035 2333 3119 15,
2374 3036 2429 3099 7.
2517 3034 2614 3098 IV
2644 3035 2743 3119 66,
2793 3035 2885 3099 10.

700 3142 762 3216 V,
803 3143 864 3227 5,
921 3144 960 3208 9
1022 3143 1334 3232 qenitalia
1390 3141 1834 3207 circumcidere
1894 3143 2340 3221 instituerunt,
2405 3155 2473 3207 ut
2528 3156 2887 3206 noscantur.

702 3253 764 3317 h.
812 3273 865 3316 e.
910 3252 964 3315 is
1012 3252 1119 3337 qui
1178 3250 1348 3314 hunc
1404 3272 1590 3315 usum
1653 3250 1803 3314 olim
1845 3251 2120 3314 instituit
2182 3250 2400 3333 voluit,
2454 3260 2527 3313 ut
2583 3272 2715 3314 non
2773 3272 2887 3314 suo

704 3370 955 3425 tantum
999 3371 1289 3444 tempore
1330 3358 1442 3423 sed
1489 3360 1661 3423 omni
1706 3369 1994 3444 tempore
2058 3367 2510 3442 noscerentur3
2577 3360 2887 3423 rationem

702 3479 1059 3554 temporum
1122 3467 1457 3532 relativam
1523 3466 1831 3531 habemus
1896 3468 1962 3529 in
2028 3466 2317 3551 exemplo
2355 3466 2678 3531 Caesaris
2744 3468 2890 3531 huic

682 3586 920 3654 ¹nostro
979 3576 1328 3659 simillim03
1412 3574 1472 3639 b.
1518 3597 1580 3659 g.
1626 3573 1733 3638 111
1778 3574 1832 3658 1,
1883 3575 1959 3638 10
2020 3588 2203 3659 atque
2244 3575 2313 3637 in
2357 3597 2492 3637 eum
2534 3598 2598 3638 se
2640 3598 2887 3639 consue-

703 3683 980 3749 tudinem
1023 3683 1449 3761 adduaeerunt,
1493 3695 1562 3747 ut
1620 3720 1699 3729 —-
1758 3680 2068 3761 haberent,
2127 3682 2512 3746 lavarentur.
2598 3683 2677 3747 cf.
2733 3683 2888 3747 Tac.

701 3814 849 3857 ann.
881 3790 1050 3857 XIV
1086 3791 1168 3856 64
1209 3790 1706 3868 memoravimzw,
1752 3804 1819 3853 ut
1861 3788 2127 3853 habeant
2172 3800 2236 3854 et
2278 3811 2423 3853 ann.
2462 3788 2533 3853 II
2560 3791 2640 3854 32
2683 3790 2889 3869 retuli,

703 3914 772 3966 ut
810 3901 1090 3967 sciretur.
1137 3939 1216 3947 —
1260 3901 1385 3964 alia
1428 3900 1722 3984 exempla
1767 3908 1950 3962 sunt:
1995 3898 2140 3963 hist.
2184 3898 2218 3961 Ι
2273 3900 2362 3983 16,
2393 3901 2450 3963 3.
2537 3921 2683 3964 ann.
2721 3898 2889 3990 XIV

707 4009 808 4093 53,
854 4010 912 4073 6.
962 4010 1058 4073 17.
1115 4007 1246 4072 XV
1287 4008 1388 4091 41,
1433 4007 1526 4070 12.

868 4116 1063 4202 Apud
1131 4116 1570 4181 Caesarem
1640 4135 1838 4177 unum
1908 4122 2159 4177 tantum
2230 4115 2590 4198 exemplum
2652 4114 2887 4196 inveni,

707 4225 878 4309 quod
920 4235 1136 4289 tamen
1179 4224 1455 4287 maxime
1502 4221 1801 4286 idoneum
1844 4222 1927 4284 sit
1968 4219 2049 4284 ad
2079 4220 2476 4305 probandam
2506 4221 2889 4285 sententiam

704 4355 949 4416 meam,
1016 4333 1289 4416 legimus
1354 4332 1524 4395 enim
1585 4329 1648 4392 b.
1695 4351 1747 4391 c.
1807 4326 1914 4391 III
1969 4328 2054 4393 20
2121 4351 2197 4392 ne
2242 4328 2510 4412 frustra
2574 4328 2893 4415 inyressue
