3181 5188
1765 589 1848 655 34

1847 679 2004 686 —

721 791 1216 878 quamperfect0‚
1272 791 1501 875 quibus
1544 791 1903 855 accuratius
1960 788 2357 855 describatur
2412 810 2538 873 quo
2601 786 2813 875 modo
2866 808 2942 850 se

718 900 955 965 habeat
983 900 1066 964 ad
1110 909 1361 984 tempus
1405 900 1720 963 enuntiati
1761 899 2064 982 primarii,
2108 896 2221 961 sed
2250 897 2538 982 perfecto
2571 917 2696 982 quo
2726 897 2940 960 notio

717 1008 1046 1093 praeteriti
1104 1008 1480 1092 exprimitur
1538 1007 1746 1090 magis
1793 1016 2105 1091 quatenus
2148 1005 2231 1069 ad
2275 1014 2528 1090 tempus
2585 1004 2942 1089 loquentis

718 1139 749 1181 s
795 1127 982 1182 ectet.

750 1139 793 1202 p
881 1224 962 1288 In
1007 1224 1354 1288 enuntiatis
1395 1222 1681 1287 relativis
1726 1242 1871 1285 cum
1915 1222 2318 1286 coniunctivo
2363 1220 2670 1286 habemus
2711 1221 2942 1284 ratio-

715 1353 865 1397 nem
905 1331 1265 1396 absolutam

880 1462 938 1503 a.
1011 1441 1065 1503 si
1110 1438 1549 1502 coniunctivus
1593 1435 1862 1522 perfecti
1904 1437 1971 1500 in
2021 1437 2349 1501 enuntiato
2379 1435 2754 1501 secundario
2795 1445 2935 1500 est.

1016 1547 1098 1612 cf.
1133 1546 1278 1611 hist.
1321 1545 1356 1610 Ι
1403 1547 1499 1629 15,
1549 1545 1643 1610 18.
1707 1544 1742 1609 Ι
1788 1546 1883 1626 10,
1929 1546 2025 1609 11.
2070 1545 2171 1628 37,
2206 1545 2303 1610 10.
2367 1544 2516 1609 hist.
2560 1543 2667 1608 III
2711 1543 2824 1627 75,
2866 1545 2932 1607 7.

1016 1675 1163 1719 ann.
1194 1653 1264 1719 II
1294 1654 1392 1737 88,
1427 1653 1519 1718 13.
1604 1674 1751 1717 ann.
1792 1651 1896 1716 XI
1937 1653 2038 1734 24,
2082 1653 2141 1716 6.
2557 1736 2564 1743 ῃ
2695 1688 2702 1695 -

879 1761 942 1826 b.
1015 1763 1069 1825 si
1113 1762 1554 1826 coniunctivus
1597 1761 1996 1845 praesentis:
2040 1782 2188 1824 ann.
2228 1759 2397 1824 XVI
2432 1760 2516 1824 35
2556 1760 2625 1823 in
2654 1782 2727 1823 ea
2756 1772 2927 1823 tem-

1004 1892 1171 1955 pora
1211 1881 1401 1933 natus
1442 1891 1524 1952 σε,
1566 1869 1637 1933 in
1681 1868 1905 1953 quibus
1928 1868 2204 1953 firmare
2245 1867 2562 1952 expediat.

713 1976 863 2042 Huc
931 1978 1208 2062 pertinet
1277 1978 1472 2041 etiam
1538 1976 1619 2041 de
1688 1975 1835 2040 hist.
1899 1974 1934 2039 I
1994 1979 2061 2040 11
2135 1977 2487 2062 Aegyptum
2564 1975 2926 2061 copiasque

714 2086 938 2171 quibus
979 2098 1357 2151 coerceretur
1397 2085 1529 2149 iam
1571 2083 1721 2149 inde
1763 2109 1804 2148 a
1849 2083 1995 2148 divo
2041 2084 2322 2170 Auqusto
2362 2084 2594 2169 equites
2623 2082 2932 2148 Romani

713 2192 982 2257 obtinent
1025 2190 1156 2256 loco
1197 2213 1428 2278 reyum.
1501 2200 1754 2275 tempus
1785 2191 2098 2255 enuntiati
2124 2190 2378 2254 relativi
2406 2189 2592 2254 huius
2622 2188 2915 2273 exempli

710 2298 981 2363 relatum
1024 2310 1121 2363 est
1179 2320 1309 2362 non
1369 2297 1452 2362 ad
1497 2297 1561 2362 id
1606 2307 1857 2382 tempus
1901 2319 2026 2382 quo
2070 2297 2279 2362 adhuc
2336 2298 2582 2383 equites
2624 2297 2916 2362 Romani

713 2408 1091 2492 Aegyptum
1146 2407 1489 2491 copiasque
1549 2405 1959 2490 obtinebant,
2023 2405 2136 2470 sed
2196 2405 2280 2469 ad
2340 2404 2404 2468 id
2461 2413 2712 2489 tempus
2772 2425 2915 2489 quo

711 2514 1000 2580 obtinere
1039 2514 1433 2600 inceperunt,
1480 2513 1650 2598 quod
1694 2522 1831 2577 erat
1875 2522 2126 2599 tempus
2170 2514 2471 2598 Augusti.

873 2646 988 2711 VI.
1062 2646 1257 2712 Haud
1320 2648 1502 2732 parvi
1575 2648 1883 2711 momenti
1946 2654 2044 2710 est
2119 2667 2507 2730 cognoscere
2575 2665 2905 2730 quaenam

711 2776 939 2820 causae
1000 2757 1408 2841 rationesque
1470 2756 1545 2818 iis
1607 2756 1847 2839 regulis
1913 2755 2196 2838 subsint,
2266 2776 2424 2840 quas
2495 2756 2912 2838 grammatici

709 2863 1044 2948 proferunt
1088 2863 1168 2928 de
1211 2865 1660 2928 consecutione
1703 2874 2062 2949 temporum
2128 2865 2195 2926 in
2252 2864 2595 2928 enuntiatis
2660 2885 2742 2927 ex
2801 2864 2906 2927 in-

709 2969 973 3035 finitivis
1017 2972 1498 3056 participiisque
1539 2970 1987 3056 pendentibus.

870 3078 942 3144 Si
984 3079 1368 3143 infinitivum
1413 3081 1770 3164 praesentis
1816 3081 2173 3144 invenimus
2218 3078 2741 3163 distinguendum
2774 3090 2902 3164 est,

707 3196 922 3250 utrum
964 3187 1315 3251 infinitivus
1359 3188 1683 3271 propriam
1725 3189 1857 3252 vim
1899 3187 2135 3252 habeat
2177 3187 2595 3273 temporalem
2625 3209 2709 3250 an
2736 3186 2905 3252 nihil

708 3293 880 3358 aliud
936 3294 1254 3379 significet
1311 3296 1435 3358 nisi
1490 3297 1817 3360 notionem
1881 3296 2063 3360 verbi
2124 3317 2239 3380 per
2297 3317 2368 3360 se
2431 3294 2650 3358 solam.
2748 3293 2906 3358 Hoc

707 3402 988 3484 positum
1017 3412 1116 3466 est
1141 3403 1212 3465 ‘si
1256 3424 1336 3466 ex
1376 3403 1723 3487 praeterito
1754 3402 1992 3488 pendet
2022 3402 2103 3467 cf.
2133 3402 2280 3467 hist.
2311 3402 2416 3466 111
2450 3401 2531 3467 52
2562 3402 2905 3488 emptor-are

704 3507 972 3593 placuit,
1017 3510 1081 3573 si
1116 3533 1243 3594 qua
1287 3509 1620 3574 adirentur
1663 3518 1729 3572 et
1769 3511 1836 3573 in
1884 3510 2191 3594 exemplis
2236 3511 2328 3574 ita
2370 3510 2753 3594 comparatis
2794 3530 2899 3573 re-

709 3615 912 3680 fertur
954 3627 1204 3701 tempus
1247 3618 1559 3682 enuntiati
1602 3617 1962 3682 secundarii
2004 3618 2088 3682 ad
2130 3619 2448 3682 actionem
2504 3617 2897 3701 primariam.

707 3723 1014 3789 Similiter
1067 3746 1170 3788 res
1232 3747 1302 3790 se
1359 3724 1554 3789 habet
1623 3726 1677 3788 si
1734 3726 1802 3789 in
1859 3727 2190 3790 enuntiato
2250 3725 2551 3809 primario
2609 3724 2898 3788 futurum

706 3829 1013 3896 habemus
1057 3832 1137 3895 cf.
1181 3854 1327 3896 ann.
1371 3831 1406 3896 I
1448 3832 1531 3897 58
1594 3845 1766 3896 tuum
1827 3835 1946 3897 erit
2004 3832 2377 3912 consultare,
2437 3845 2648 3897 utrum
2693 3854 2891 3918 prae-

705 3939 915 4004 valeat
958 3941 1066 4025 qui
1107 3941 1283 4004 locus
1325 3962 1469 4005 mea
1511 3941 1770 4025 quidem
1811 3942 2130 4006 sententia
2172 3942 2237 4004 in
2280 3940 2450 4004 hunc
2491 3938 2751 4004 modum
2780 3961 2889 4004 ex—

704 4047 1036 4129 plicandus
1082 4058 1218 4112 est:
1281 4048 1634 4113 infinitivus
1680 4049 2035 4113 consultare
2088 4049 2413 4133 propriam
2456 4049 2587 4110 vim
2645 4057 2888 4130 tempo-

705 4154 903 4218 ralem
944 4176 1071 4218 non
1117 4154 1329 4235 habet,
1387 4157 1553 4220 actio
1596 4157 1795 4239 igitur
1838 4156 2212 4220 secundaria
2251 4165 2546 4240 respectu
2588 4155 2890 4238 temporis

706 4262 944 4346 pendet
1000 4285 1079 4327 ex
1141 4264 1393 4327 actione
1450 4264 1770 4349 primaria,
1834 4286 1911 4328 ea
1968 4274 2183 4328 autem
2225 4264 2292 4326 in
2334 4272 2553 4327 nostro
2597 4261 2888 4346 exemplo
