3181 5188
1429 554 1469 621 9

517 755 613 823 Ut
656 758 1025 841 saepissime
1081 779 1210 821 non
1263 757 1467 821 solum
1512 779 1590 820 ex
1637 757 1979 820 enuntiatis
2043 757 2360 840 primariis
2419 754 2529 819 sed

344 866 545 929 etiam
601 888 680 929 ex
725 866 1069 928 enuntiatis
1134 864 1523 928 secundariis
1586 865 1919 928 enuntiata
1974 862 2256 948 pendent
2311 886 2530 927 secun-

344 972 561 1055 daria,
625 974 717 1036 ita
781 973 971 1036 etiam
1034 994 1112 1036 ex
1170 973 1552 1056 participiiS‚
1631 972 1925 1035 ablativis
1999 971 2306 1036 absolutis
2330 1023 2346 1055 ‚
2423 970 2532 1035 ad-

341 1081 619 1164 iectivis‚
682 1080 1008 1163 similibus,
1071 1102 1235 1165 quae
1277 1079 1484 1144 studio
1529 1079 1811 1143 breviter
1869 1079 2168 1164 loquendi
2226 1080 2534 1143 inservire

340 1188 646 1252 diximus.

514 1296 660 1360 Hoc
701 1296 839 1359 loco
898 1318 974 1360 ea
1031 1295 1317 1361 adferam
1378 1318 1541 1382 quae
1595 1295 1675 1360 de
1735 1298 2079 1369 enuntiatis
2142 1295 2532 1360 secundariis

340 1429 432 1470 ex
476 1406 773 1469 ablativis
818 1404 1125 1471 absolutis
1171 1404 1598 1490 pendentibus
1631 1405 1968 1469 observavi
1997 1404 2165 1490 apud
2192 1404 2533 1469 Caesarem

337 1524 412 1578 et
453 1512 772 1577 Tacitum.

512 1621 744 1707 Apud
791 1622 1228 1686 Caesarem
1285 1621 1567 1705 pendent
1625 1623 1690 1685 in
1734 1623 1955 1706 primis
2000 1622 2333 1685 enuntiata
2373 1621 2528 1684 rela-

340 1731 487 1794 tiva
531 1752 609 1792 ex
656 1729 950 1793 ablativis
996 1728 1321 1811 absolutis,
1389 1751 1552 1813 quae
1607 1732 1774 1814 parti
1814 1731 2002 1793 alicui
2045 1729 2309 1793 ablativi
2352 1728 2532 1792 abso-

341 1838 472 1903 luti
540 1836 996 1901 describendae
1057 1839 1412 1901 inserviunt
1479 1849 1673 1922 atque
1742 1837 2104 1902 indicantur
2177 1837 2539 1921 saepissime

334 1945 760 2032 pronomibus
802 1947 877 2029 is,
924 1971 1014 2022 ea,
1060 1945 1150 2020 id,
1195 1946 1312 2029 hic,
1359 1947 1526 2024 haec,
1571 1947 1703 2025 hoc,
1768 1962 1931 2031 quae
1989 1948 2054 2010 in
2097 1946 2377 2010 ablativo
2421 1946 2528 2010 ab·

334 2054 554 2118 soluto
622 2055 979 2118 invenimus
1046 2053 1124 2117 cf.
1188 2053 1249 2117 b.
1296 2075 1357 2138 g.
1420 2053 1454 2117 I
1503 2056 1597 2117 16.
1666 2053 1771 2117 III
1818 2057 1911 2118 15.
1977 2056 2070 2118 17.
2115 2055 2213 2118 22.
2259 2056 2357 2118 26.
2435 2053 2532 2117 IV

340 2163 444 2226 18.
496 2159 589 2224 19.
635 2162 698 2226 V
740 2162 798 2225 3.
843 2160 942 2225 VI
991 2165 1042 2224 1.
1088 2161 1220 2224 VH
1262 2163 1360 2236 57.
1426 2160 1597 2225 VIII
1639 2161 1737 2225 29.
1827 2161 1887 2224 b.
1934 2185 1985 2225 c.
2030 2161 2065 2225 I
2107 2162 2204 2225 24
2233 2162 2386 2244 (his)
2431 2163 2530 2227 66.

332 2268 411 2333 Π
461 2269 558 2332 17.
609 2269 704 2331 18.
749 2268 856 2332 ΠΙ
899 2270 955 2333 9.
1007 2270 1083 2334 13
1128 2270 1301 2355 (his).

521 2377 739 2440 Etiam
783 2378 834 2440 si
880 2378 1032 2441 talia
1073 2380 1453 2462 pronomina
1495 2379 1560 2441 in
1605 2378 1888 2443 ablativo
1932 2377 2225 2441 absoluto
2268 2399 2399 2440 non
2442 2378 2534 2441 in-

334 2487 692 2551 veniuntur
735 2486 1040 2550 habemus
1086 2488 1415 2550 enuntiata
1458 2487 1758 2550 relativa:
1836 2486 1895 2549 b.
1944 2508 2004 2570 g.
2050 2484 2120 2548 Π
2164 2488 2219 2548 8.
2281 2484 2388 2549 III
2439 2486 2529 2548 12.

330 2597 438 2686 21.
531 2593 627 2658 IV
694 2596 789 2659 10.
854 2596 952 2658 24.
1039 2593 1171 2659 VII
1236 2597 1336 2660 36.
1381 2597 1482 2661 61.
1530 2574 1627 2660 77.
1712 2596 1884 2661 vm
1953 2594 2046 2658 12.
2102 2594 2202 2658 20.
2266 2596 2365 2659 37.
2428 2596 2529 2658 45.

336 2703 400 2767 b.
453 2725 509 2766 c.
557 2702 591 2766 1
633 2703 732 2766 60.
805 2702 874 2766 Π
915 2703 1014 2766 22.
1100 2702 1207 2768 ΙΠ
1255 2704 1348 2768 18.
1392 2704 1493 2768 28.
1537 2705 1637 2768 40.

534 2810 889 2875 Enuntiata
949 2812 1226 2875 causalia
1279 2811 1559 2897 pendent
1616 2810 1780 2896 apud
1835 2810 2176 2874 Caesarem
2231 2810 2329 2874 his
2384 2811 2538 2874 locis

338 2942 423 2983 ex
469 2917 762 3003 partibus
807 2919 1072 2982 ablativi
1115 2919 1421 2983 absoluti:
1466 2919 1527 2983 b.
1574 2940 1636 3002 g.
1681 2918 1779 2983 IV
1828 2920 1921 2982 12.
1968 2918 2067 2983 VI
2116 2919 2208 2982 12.
2254 2918 2388 2982 Vll
2428 2918 2528 2981 47.

337 3027 442 3091 68.
537 3025 597 3088 b.
646 3049 696 3089 c.
741 3024 847 3089 III
891 3026 989 3090 65.

515 3134 940 3198 Enuntiatum
970 3134 1411 3198 secundarium
1457 3136 1978 3219 interrogationis
2022 3134 2370 3199 indirectae
2413 3135 2533 3199 hoc

336 3244 519 3307 loco:
569 3242 626 3305 b.
673 3265 733 3326 g.
780 3242 913 3307 VII
957 3244 1053 3306 89.

511 3351 934 3414 Enuntiatum
978 3351 1421 3415 secundarium
1467 3353 1977 3416 consecutivum:
2039 3352 2098 3415 b.
2146 3375 2206 3435 g.
2254 3352 2385 3417 VII
2435 3355 2527 3417 17.

337 3459 400 3524 b.
450 3483 505 3523 ο.
553 3458 658 3521 111
700 3443 799 3523 30.

364 3553 365 3556 “
510 3566 932 3629 Enuntiatum
975 3566 1415 3630 secundarium
1461 3567 1687 3631 finale:
1733 3568 1793 3631 b.
1839 3590 1901 3652 g.
1947 3568 2108 3631 V·7.
2161 3568 2254 3632 VI
2296 3569 2353 3632 9.
2397 3567 2529 3632 VII

343 3676 439 3738 12.
485 3675 589 3739 35.
633 3676 731 3737 41.
776 3675 875 3738 57.
922 3674 1021 3738 61.
1068 3675 1165 3738 81.
1251 3674 1311 3738 b.
1360 3698 1409 3738 c.
1460 3674 1494 3738 I
1539 3676 1637 3739 78.
1704 3675 1826 3739 ΠΙ.
1873 3676 1929 3739 9.
1982 3678 2072 3741 10.

514 3781 747 3867 Apud
791 3780 1195 3846 Tacitum.

508 3912 563 3954 a.
648 3891 978 3953 enuntiata
1018 3889 1271 3956 finalia:
1319 3891 1479 3974 Ag'r.
1523 3892 1563 3954 2
1605 3890 1703 3955 bis
1750 3891 1840 3955 14.
1890 3892 1989 3956 26.
2037 3893 2134 3956 29.
2180 3894 2278 3957 37.
2344 3892 2425 3958 G.
2470 3895 2526 3958 3.

646 3998 791 4062 hist.
835 3996 906 4061 II
961 3999 1056 4062 15.
1100 3998 1200 4062 24.
1246 3999 1345 4062 33.
1390 3998 1490 4063 34.
1535 3999 1635 4063 39.
1679 4001 1778 4064 53.
1842 4001 1920 4064 57
1981 3999 2079 4063 bis
2139 4001 2237 4065 96.
2322 4001 2427 4065 III
2468 4003 2527 4066 4.

642 4105 741 4168 69.
816 4104 911 4168 IV
967 4104 1068 4168 24.
1127 4106 1225 4170 28.
1273 4106 1371 4170 35.
1430 4107 1528 4171 62.
1570 4107 1670 4171 66.
1716 4107 1813 4172 70.
1861 4109 1957 4171 71.
2038 4110 2100 4175 V
2156 4109 2213 4173 9.
2279 4111 2370 4174 12.
2433 4111 2527 4173 17.

643 4235 789 4276 ann.
835 4211 870 4276 I
919 4215 1010 4276 14.
1059 4213 1154 4277 15.
1200 4215 1298 4277 61.
1347 4214 1443 4278 79.
1509 4213 1580 4277 II
1627 4215 1721 4278 11.
1767 4216 1864 4279 57.
1931 4214 2036 4279 III
2078 4217 2136 4280 2.
2181 4220 2237 4281 8.
2288 4219 2381 4282 17.
2426 4219 2526 4282 45.

642 4321 740 4385 67.
808 4319 905 4386 74.
991 4319 1109 4384 IV.
1152 4321 1211 4385 5.
1260 4323 1353 4385 14.
1401 4323 1500 4387 30.
1545 4322 1645 4386 54.
1691 4324 1790 4387 59.
1839 4325 1934 4388 74.
2024 4323 2083 4387 V
2127 4325 2183 4388 2.
2286 4325 2383 4391 VI
2431 4327 2526 4391 19.
