3181 5188
1302 472 1424 538 ‘77

292 677 359 740 in
403 677 730 741 enuntiato
772 652 1145 740 secundario
1190 675 1631 738 coniunctivus
1673 674 2030 759 imperfecti
2060 683 2173 738 est.
2233 673 2303 756 (α
2350 697 2364 737 :
2409 674 2467 738 5.

289 789 333 866 β
377 808 392 849 t
436 785 535 849 25.
591 808 632 869 γ
675 808 690 848 :
731 783 863 867 20.)
965 781 1187 848 Simile
1256 803 1664 846 numerorum
1736 781 2074 846 discrimen
2144 779 2471 865 habemuS,

291 893 347 956 si
388 893 455 955 in
500 892 828 955 enuntiato
875 889 1177 975 primario
1220 911 1524 974 praesens
1569 897 1703 952 est:
1748 913 1789 953 α
1830 912 1844 951 :
1888 888 1947 952 Ο.
2011 892 2054 969 β
2097 910 2111 951 t
2155 888 2213 952 5.
2272 912 2313 973 γ
2356 911 2370 950 :
2410 888 2471 953 4.

292 1000 641 1066 Collocatio
676 1023 717 1084 γ
757 999 1103 1085 praevalet,
1147 999 1200 1061 si
1233 999 1300 1061 in
1333 997 1664 1067 enuntiato
1698 996 1997 1081 primario
2030 996 2472 1081 imperfectum

291 1118 389 1173 est
431 1118 541 1172 aut
585 1107 811 1192 copula
852 1106 1050 1190 deest,
1106 1116 1170 1170 et
1211 1106 1265 1170 si
1307 1106 1374 1169 in
1417 1105 1760 1170 enuntiatis
1803 1103 2191 1168 secundariis
2233 1103 2472 1168 indica-

286 1216 458 1280 tivus
502 1225 617 1281 est.

450 1323 633 1388 Haec
672 1323 891 1407 valent
935 1323 1128 1387 etiam
1186 1323 1252 1385 in
1310 1321 1450 1385 aliis
1512 1319 1855 1404 generibus
1897 1321 1991 1384 ita
2029 1328 2246 1384 tamen
2288 1329 2360 1384 ut
2402 1320 2469 1383 in

285 1433 633 1497 enuntiatis
677 1453 717 1495 a
750 1431 1059 1516 particula
1094 1428 1286 1494 donec
1318 1427 1768 1513 incipientibus
1810 1427 2207 1491 enuntiatum
2249 1449 2469 1492 secun-

285 1539 535 1604 darium
574 1539 709 1604 fere
751 1561 1002 1624 semper
1042 1538 1318 1623 positum
1361 1539 1444 1601 sit
1486 1546 1631 1622 post
1672 1537 2061 1621 primarium.

1352 1710 1375 1737 Ι

1194 2010 1558 2094 Index

202 2135 211 2178 -’
281 2139 632 2190 Particula
665 2139 901 2205 prima.
2343 2172 2380 2203 μ,

393 2227 474 2276 De
511 2226 903 2276 enuntiatorum
939 2225 1309 2276 secundarium
1356 2241 1458 2275 usu
1506 2225 1683 2276 minus
1731 2225 2000 2290 frequenti
2032 2226 2173 2292 apud

462 2312 708 2362 Tacitum
746 2327 906 2376 quam
938 2310 1078 2376 apud
1114 2311 1247 2360 alios
1283 2310 1565 2376 scriptores
1706 2348 1717 2361 .
1858 2349 1869 2362 .
2011 2349 2022 2362 .
2162 2349 2174 2361 .
2304 2314 2465 2361 1-13

530 2399 611 2448 De
647 2396 1106 2461 breviloquentiae
1142 2396 1458 2461 quibusdam
1493 2396 1780 2462 generibus
1856 2434 1869 2447 .
2012 2435 2024 2447 .
2163 2435 2175 2447 .
2302 2401 2461 2447 1—11

525 2485 605 2534 De
642 2482 862 2533 rationis
898 2482 1255 2548 paratacticae
1291 2481 1533 2548 vestigiis
1703 2518 1716 2532 .
1858 2517 1871 2535 .
2009 2521 2021 2533 .
2162 2519 2176 2533 .
2269 2486 2466 2534 11—13

284 2571 636 2623 Particula
670 2570 894 2621 altera.

389 2659 470 2708 De
522 2656 895 2708 consecutione
949 2665 1243 2723 temporum
1295 2657 1350 2706 in
1405 2657 1724 2722 quibusdam
1777 2658 2171 2709 enuntiatorum

455 2742 740 2809 generibus
937 2780 949 2793 .
1088 2779 1100 2793 .
1242 2781 1254 2792 .
1395 2780 1406 2793 .
1547 2781 1559 2793 .
1700 2782 1711 2794 .
1853 2781 1866 2794 .
2008 2781 2020 2795 .
2162 2778 2177 2795 .
2267 2746 2464 2795 14-—36

522 2829 602 2878 De
639 2844 741 2878 usu
776 2827 1109 2879 coniunctivi
1142 2828 1363 2894 perfecti
1545 2866 1558 2879 .
1700 2867 1712 2879 .
1854 2866 1869 2881 .
2008 2867 2019 2880 .
2160 2866 2174 2880 .
2267 2833 2463 2879 14—22

526 2914 607 2964 De
642 2915 878 2980 perfecto
912 2915 1088 2979 logico
1240 2951 1252 2964 .
1393 2951 1405 2964 .
1546 2951 1559 2965 .
1701 2952 1715 2966 .
1854 2953 1867 2967 .
2007 2950 2020 2965 .
2161 2954 2173 2967 .
2264 2918 2464 2966 22—26

524 3001 605 3051 De
641 2998 905 3066 praesenti
940 2999 1192 3049 historico
1398 3037 1410 3048 .
1552 3036 1564 3049 .
1705 3036 1717 3049 .
1857 3035 1871 3048 .
2008 3036 2021 3050 .
2160 3036 2175 3051 .
2266 3004 2457 3052 26—31

524 3087 605 3136 De
644 3084 931 3136 enuntiatis
969 3084 1288 3147 causalibus,
1326 3085 1674 3135 adversativis
1709 3086 2006 3137 modalibus
2162 3123 2176 3137 .
2264 3090 2468 3138 31—34

525 3173 606 3222 De
643 3170 935 3222 enuntiatis
971 3170 1402 3233 secundariisque
1438 3186 1504 3220 ex
1539 3170 1831 3235 participiis
1865 3170 2168 3221 infinitivis-

589 3273 691 3322 que
726 3257 957 3322 pendent
1087 3293 1099 3305 .
1241 3292 1252 3305 .
1393 3292 1404 3305 .
1545 3292 1557 3304 .
1700 3293 1712 3305 .
1854 3292 1867 3306 .
2007 3292 2018 3305 .
2158 3292 2172 3306 .
2261 3260 2461 3309 34—35

519 3343 778 3394 Promodo
816 3342 881 3392 de
917 3349 1212 3408 temporum
1251 3341 1624 3392 consecutione
1662 3341 1900 3392 doctrina
1947 3341 2017 3399 sit
2058 3348 2175 3393 orta
2261 3345 2462 3395 35—36

278 3428 632 3479 Particula
666 3428 886 3479 tertia.

375 3514 456 3564 De
493 3514 783 3565 enuntiatis
818 3512 1200 3578 temporalibus
1391 3548 1402 3561 .
1540 3547 1554 3560 .
1699 3549 1709 3561 .
1850 3549 1863 3563 .
2005 3550 2016 3563 .
2158 3552 2170 3564 .
2260 3517 2457 3564 37—77

514 3607 792 3665 postquam
933 3636 945 3649 .
1085 3636 1096 3648 .
1240 3634 1252 3647 .
1392 3635 1404 3647 .
1545 3634 1557 3647 .
1700 3634 1713 3649 .
1854 3636 1865 3649 .
2006 3638 2018 3650 .
2158 3637 2169 3650 .
2259 3603 2463 3651 37-44

518 3686 827 3752 priusquam
929 3723 940 3736 .
1085 3722 1097 3735 .
1237 3721 1249 3733 .
1391 3721 1403 3734 .
1545 3720 1558 3733 .
1700 3721 1712 3734 .
1851 3722 1863 3735 .
2006 3723 2017 3736 .
2159 3723 2170 3736 .
2259 3687 2461 3736 45—46

519 3777 805 3836 antequam
931 3808 957 3841 .·
1084 3807 1096 3820 .
1236 3807 1248 3820 .
1390 3807 1402 3820 .
1543 3807 1555 3819 .
1697 3806 1710 3820 .
1851 3808 1863 3821 .
1891 3759 1900 3767 ”
2005 3807 2016 3820 .
2157 3808 2168 3821 .
2257 3773 2457 3822 46-47

518 3871 640 3907 cum
780 3893 792 3907 .
935 3895 947 3908 .
1088 3894 1100 3907 .
1239 3894 1251 3906 .
1394 3894 1406 3905 .
1545 3892 1558 3905 .
1700 3892 1712 3906 .
1853 3893 1867 3906 .
2004 3893 2016 3907 .
2158 3894 2171 3909 .
2258 3860 2323 3908 48
2340 3860 2456 3908 -61

519 3944 645 3993 dum
777 3982 788 3994 .
928 3981 941 3994 .
1082 3982 1094 3993 .
1238 3980 1250 3993 .
1391 3980 1402 3992 .
1545 3978 1558 3992 .
1702 3979 1712 3990 .
1851 3980 1863 3993 .
2007 3980 2018 3993 .
2158 3981 2169 3994 .
2258 3946 2460 3994 62—66

516 4030 685 4080 donec
775 4066 786 4079 .
926 4065 939 4078 .
1079 4066 1092 4079 .
1240 4066 1251 4078 .
1393 4067 1404 4079 .
1547 4064 1560 4078 .
1703 4066 1715 4079 .
1855 4066 1866 4078 .
2006 4066 2016 4077 .
2158 4067 2171 4080 .
2259 4031 2461 4080 66—69

520 4115 612 4164 ubi
778 4151 790 4164 .
933 4152 945 4164 .
1087 4150 1100 4163 .
1241 4151 1251 4162 .
1393 4151 1405 4163 .
1547 4151 1560 4165 .
1700 4152 1711 4164 .
1853 4151 1865 4163 .
2002 4150 2016 4163 .
2156 4152 2170 4166 .
2258 4117 2458 4165 69—75

1168 4289 1564 4309 ΙΙ
