3181 5188
1702 594 1783 658 38

646 792 812 857 bene
866 793 1138 878 quadret
1199 793 1281 859 ad
1348 795 1678 858 notionem
1741 793 2091 879 particulae
2157 805 2529 880 postquam,
2600 792 2833 856 indicat

648 903 817 966 enim
859 903 1176 967 actionem
1219 903 1662 967 secundariam
1702 901 2057 987 perfectam
2099 902 2226 965 iam
2270 924 2411 966 esse
2444 901 2830 967 absolutam-

651 1031 774 1095 que
816 1011 1189 1095 priusquam
1229 1011 1494 1095 incipiat
1537 1010 1704 1073 actio
1749 1009 2070 1094 primaria.

814 1116 1180 1181 Perfectum
1223 1127 1436 1182 autem
1485 1138 1632 1180 cum
1675 1117 1986 1202 particula
2036 1129 2369 1202 postquam
2430 1118 2839 1181 coniunctum

649 1223 971 1308 significat
1025 1227 1342 1290 actionem
1390 1225 1758 1310 primariam
1815 1225 2031 1290 statim
2087 1225 2400 1310 incepisse
2456 1235 2603 1310 post
2644 1225 2834 1288 actio·

648 1353 797 1396 nem
840 1331 1300 1416 secundariam,
1347 1334 1438 1397 ita
1480 1342 1732 1396 tantum
1769 1341 1842 1396 ut
1884 1354 2013 1396 non
2059 1331 2373 1396 indicetur
2417 1342 2632 1396 utrum
2673 1332 2840 1395 actio

651 1439 1027 1504 secundaria
1070 1440 1365 1505 absoluta
1407 1442 1535 1505 iam
1575 1463 1697 1505 nec
1738 1461 1821 1505 ne
1864 1441 1963 1505 sit.

815 1546 1126 1612 Videmus
1168 1550 1366 1632 igitur
1394 1548 2018 1634 plusquamperfecto
2050 1549 2368 1613 actionem
2400 1546 2842 1612 secundariam

651 1657 1008 1719 accuratius
1055 1656 1302 1720 definiri
1361 1665 1555 1742 atque
1601 1655 2064 1736 circumscribi,
2129 1677 2322 1740 quam
2378 1655 2680 1740 perfectO.
2766 1652 2842 1719 Si

656 1773 874 1827 autem
916 1764 1138 1847 lingua
1179 1765 1380 1828 latina
1422 1763 1777 1849 perfectum
1820 1765 2162 1849 praecipue
2205 1761 2499 1827 adhibuit
2541 1763 2607 1825 in
2648 1783 2843 1825 enun-

655 1870 830 1934 tiatis
874 1893 914 1934 a
954 1872 1267 1957 particula
1303 1884 1639 1958 postquam
1684 1871 2154 1957 incipientibus,
2196 1870 2606 1934 referendum
2648 1870 2713 1933 id
2742 1880 2843 1933 est

654 1968 737 2042 ad
774 1979 1034 2064 linguae
1076 1979 1313 2044 latinae
1353 1980 1765 2043 vivacitatem
1807 1979 2224 2064 habitumque
2253 1979 2620 2043 oratorium.
2687 1976 2841 2041 Effi-

653 2087 862 2150 cacius
906 2088 1075 2150 enim
1118 2087 1493 2171 exprimitur
1549 2088 1768 2152 statim
1830 2096 1977 2173 post
2035 2088 2356 2150 actionem
2398 2084 2843 2150 secundariam

654 2195 969 2279 incepisse
1038 2195 1357 2259 actionem
1425 2196 1827 2280 primariam,
1899 2196 1953 2259 si
2018 2216 2091 2258 eo
2154 2195 2325 2278 quod
2387 2192 2655 2279 perfecti
2724 2213 2847 2255 usu

655 2311 924 2387 utraque
962 2303 1130 2366 actio
1160 2302 1515 2368 arctissime
1545 2304 1954 2387 coniungitur
1983 2304 2165 2389 quasi
2196 2302 2620 2366 coincidentia
2651 2323 2840 2387 quae·

657 2408 805 2474 dam
849 2410 1069 2474 oritur.
1168 2409 1276 2473 Ad
1319 2409 1587 2474 eandem
1629 2410 1888 2495 linguae
1928 2410 2167 2474 latinae
2225 2420 2521 2474 naturam
2576 2408 2844 2473 rhetori-

658 2539 796 2581 cam
856 2516 1066 2582 refero
1132 2519 1324 2582 etiam
1382 2540 1685 2604 praesens
1745 2519 1898 2583 illud
1957 2519 2331 2585 historicum
2389 2519 2456 2581 in
2500 2517 2844 2582 enuntiatis

657 2648 697 2689 a
741 2625 1058 2711 particula
1101 2625 1249 2692 dum
1292 2626 1763 2712 incipientibus.

826 2732 1160 2798 Proferam
1202 2756 1374 2797 nunc
1418 2734 1711 2818 exempla
1753 2757 1832 2799 ex
1862 2733 2091 2818 Taciti,
2123 2733 2406 2815 Sallusti,
2431 2733 2638 2798 Vellei
2665 2731 2846 2796 libris

666 2842 757 2904 ita
798 2840 1064 2905 collecta
1104 2850 1176 2905 ut
1219 2840 1592 2905 distinctum
1633 2843 1733 2925 sit,
1796 2843 1989 2906 etiam
2032 2852 2244 2906 utrum
2289 2843 2686 2906 enuntiatum
2750 2862 2843 2905 se-

664 2948 1035 3013 cundarium
1078 2948 1415 3014 antecedat
1437 2951 1536 3033 (a)
1561 2951 1878 3014 actionem
1902 2951 2286 3035 primariam,
2317 2972 2400 3014 an
2425 2958 2728 3034 sequatur
2751 2948 2846 3031 (y)

659 3078 743 3121 an
786 3058 1184 3121 enuntiatum
1226 3058 1598 3142 primarium
1639 3058 1704 3121 in
1750 3057 1907 3122 duas
1952 3058 2198 3123 dividat
2239 3067 2454 3142 partes
2499 3057 2616 3139 (β).

1349 3239 1583 3325 Apud
1627 3238 2153 3306 Sallustium.

659 3383 740 3445 A.
798 3404 967 3445 cum
1008 3381 1474 3446 indicativo
1520 3384 1922 3467 perfecti.

835 3511 892 3553 a.
947 3491 1019 3553 in
1060 3490 1380 3554 enuntiato
1418 3491 1737 3575 primario
1779 3503 1868 3555 est
1903 3490 2273 3576 perfectum.
2349 3491 2419 3573 α)
2468 3489 2608 3554 Cat.
2658 3489 2753 3573 12,
2789 3490 2845 3553 1.

960 3598 1060 3679 21,
1107 3598 1161 3661 1.
1215 3598 1318 3682 26,
1361 3597 1420 3662 5.
1479 3598 1581 3682 55,
1625 3599 1684 3662 5.
1769 3596 1912 3681 1113.
1943 3598 2043 3681 91,
2077 3597 2117 3661 5
2148 3597 2261 3681 (Ῥ).
2343 3599 2414 3683 β)
2462 3596 2602 3662 Cat.
2646 3597 2747 3681 38,
2794 3597 2850 3661 1.

958 3705 1058 3790 39,
1093 3707 1126 3770 1
1173 3704 1359 3791 (sed).
1444 3705 1546 3789 51,
1588 3706 1631 3769 5
1689 3704 1875 3789 (sed).
1963 3704 2104 3788 1113.
2151 3705 2209 3789 8,
2252 3705 2312 3769 2.
2380 3707 2481 3788 41,
2525 3705 2583 3768 4.
2645 3705 2746 3788 96,
2793 3704 2849 3769 1.

960 3813 1096 3895 114,
1139 3813 1179 3877 3
1224 3812 1411 3898 (sed).
2397 3821 2401 3825 Α

837 3920 899 3984 b.
950 3944 1254 4007 praesens
1293 3922 1676 3986 historicum.
1760 3922 1831 4005 α)
1880 3921 2019 3987 Cat.
2063 3921 2165 4003 45,
2210 3922 2268 3985 3.
2354 3922 2454 4004 55,
2503 3923 2557 3984 1.
2644 3920 2746 4003 62,
2788 3920 2847 3984 2.

958 4029 1100 4113 1113.
1148 4031 1245 4112 15,
1295 4030 1390 4094 10.
1470 4028 1571 4114 26,
1620 4031 1674 4093 1.
1755 4030 1854 4112 35,
1898 4029 1957 4093 4.
2050 4029 2151 4111 46,
2195 4028 2254 4092 4.
2350 4029 2451 4111 52,
2496 4028 2553 4091 6.
2644 4029 2744 4110 62,
2788 4028 2848 4092 6.

960 4139 1058 4221 71,
1100 4137 1159 4201 4.
1252 4138 1351 4221 75,
1393 4137 1453 4201 2.
1543 4136 1644 4220 88,
1689 4138 1731 4199 4
1775 4136 1888 4218 (Ῥ).
1984 4136 2121 4219 106,
2166 4136 2224 4199 6.
2331 4136 2403 4216 β)
2459 4133 2602 4219 1113.
2668 4134 2764 4217 18,
2808 4134 2851 4198 3

960 4244 1145 4328 (sed).
1227 4246 1327 4329 21,
1385 4245 1428 4307 4
1486 4243 1675 4328 (sed).
1761 4244 1861 4327 35,
1922 4244 2001 4308 10
2066 4243 2251 4327 (sed).
2354 4244 2453 4326 71,
2497 4243 2556 4306 5.
2643 4242 2743 4325 82,
2792 4242 2846 4305 1.
2906 4307 2910 4310 Α

962 4353 1099 4435 104,
1141 4354 1200 4417 4.
