3181 5188
1725 516 1804 583 78

2653 742 2668 807 ἱ

1615 818 1702 910 V
1720 819 1757 909 i
1777 776 1912 910 τά.

845 1031 1055 1097 Natus
1098 1052 1238 1095 sum
1282 1032 1606 1118 Georgius
1649 1035 1811 1112 Ihm,
1856 1044 2041 1120 patre
2067 1033 2445 1111 Eberhardo
2487 1042 2693 1097 matre
2738 1031 2860 1099 Ca-

681 1141 885 1204 rolina
918 1162 954 1204 e
976 1130 1390 1225 gente‘Lack‚
1424 1142 1629 1227 pridie
1654 1144 1769 1207 cal.
1792 1141 1912 1206 Iul.
1938 1142 2089 1206 anni
2116 1141 2177 1205 h.
2198 1163 2246 1205 e.
2268 1140 2861 1224 duodesexagesimi

679 1247 1090 1311 Francofurti
1135 1250 1269 1322 ⁸⁶lu.
1366 1249 1596 1315 Fidem
1637 1250 1942 1335 profiteor
1984 1249 2379 1314 catholicam.
2466 1249 2658 1312 Anno
2701 1247 2762 1315 h.
2809 1269 2858 1310 s.

679 1357 1076 1438 sexagesimo
1140 1357 1409 1440 septimo
1465 1357 1978 1423 Darmstadtiam
2041 1357 2495 1440 transmigravi
2548 1355 2658 1419 ubi
2713 1359 2861 1440 post

679 1472 980 1548 quattuor
1022 1485 1225 1528 annos
1271 1466 1336 1528 in
1379 1466 1636 1529 tertiam
1685 1466 2006 1550 gymnasii
2049 1466 2317 1529 classem
2359 1473 2653 1548 receptus
2698 1485 2857 1528 sum.

678 1572 1043 1635 Auctumno
1101 1574 1253 1637 anni
1307 1572 1368 1637 h.
1413 1595 1463 1637 s.
1525 1574 1982 1658 septuagesimi
2038 1573 2204 1636 sexti
2254 1572 2642 1637 maturitatis
2686 1572 2859 1651 testi7

677 1680 891 1742 monio
915 1680 1262 1743 instructus
1285 1679 1653 1765 Tubingam
1682 1702 1784 1745 me
1805 1680 2060 1745 contuli.
2104 1678 2207 1743 Ibi
2235 1701 2350 1764 per
2373 1678 2498 1743 duo
2528 1679 2862 1743 semestria

679 1783 1029 1850 docuerunt
1070 1807 1174 1852 me
1214 1785 1494 1871 Teuffel,
1553 1768 1851 1871 Herzog,
1907 1786 2256 1870 Schwabe,
2298 1785 2516 1850 Flach.
2602 1784 2861 1849 Deinde

676 1890 942 1957 Bonnae
983 1915 1098 1978 per
1143 1892 1267 1957 duo
1312 1895 1645 1958 semestria
1693 1893 1954 1958 interfui
2002 1893 2234 1958 scholis
2285 1915 2442 1978 quas
2486 1892 2856 1975 Buecheler,

676 1998 949 2084 Usener,
1004 1998 1328 2083 Schaefer,
1384 2000 1708 2087 Bernays,
1763 2000 1929 2084 Leo,
1991 2000 2219 2084 Klein,
2277 1999 2508 2082 Simar,
2551 1999 2859 2084 Hertling

675 2106 1053 2172 habuerunt.
1138 2106 1301 2172 Inde
1342 2108 1423 2173 ab
1466 2119 1808 2173 auctumno
1851 2110 2003 2173 anni
2039 2108 2625 2192 duodeoctogesimi
2658 2130 2857 2193 usque
2924 2193 2931 2201 Ι

675 2214 758 2279 ad
798 2214 1040 2279 Maium
1083 2217 1234 2279 anni
1277 2217 1653 2301 octogesimi
1693 2218 1883 2302 primi
1926 2216 2169 2281 civibus
2196 2215 2670 2281 Ludovicianae
2711 2237 2853 2279 aca-

676 2322 937 2387 demicis
980 2322 1339 2408 adscriptus
1383 2345 1575 2388 eram.
1675 2324 1802 2388 Per
1857 2324 1980 2388 hoc
2034 2334 2286 2409 tempus
2347 2323 2700 2388 docuerunt
2755 2344 2858 2388 me

675 2429 1113 2495 Bratuscheck
1128 2481 1146 2514 ,
1189 2429 1477 2515 Braune,
1522 2430 1769 2496 Olemm
1786 2480 1802 2513 ‚
1849 2431 2123 2499 Onoken
2141 2482 2159 2515 ,
2206 2432 2519 2517 Philippi,
2563 2430 2854 2521 Schiller,

674 2535 1058 2623 Schulthess,
1102 2537 1422 2604 Weiland.
1524 2539 1651 2605 Per
1693 2549 1995 2626 quattuor
2036 2541 2367 2606 semestria
2410 2539 2644 2604 sodalis
2688 2538 2852 2604 ordi-

674 2647 889 2710 narius
932 2648 1254 2711 seminarii
1292 2647 1600 2731 philologi
1643 2670 1835 2732 eram,
1868 2649 2042 2712 cuius
2072 2648 2560 2713 exercitationes
2590 2648 2853 2731 egregie

677 2754 1173 2830 moderabantur
1235 2753 1480 2820 Olemm
1546 2765 1612 2820 et
1673 2756 1972 2841 Philippi.
2038 2793 2123 2803 -—
2190 2756 2526 2820 Facultate
2587 2754 2857 2819 docendi

677 2871 943 2945 accepta
1022 2864 1089 2926 in
1169 2884 1502 2927 numerum
1581 2861 1893 2926 sodalium
1978 2862 2440 2926 ordinariorum
2534 2862 2856 2926 seminarii

677 2968 1038 3053 paedagogi
1114 2979 1408 3054 receptus
1475 2991 1645 3052 sum,
1712 2970 1881 3054 quod
1953 2992 2097 3033 cum
2157 2971 2494 3054 gymnasio
2558 2967 2852 3034 Gissensi

679 3078 1085 3140 coniunctum
1127 3076 1418 3142 Schilleri
1460 3077 1760 3161 auspiciis
1796 3077 2000 3142 floret.
2104 3076 2637 3162 Praeceptoribus
2695 3075 2852 3141 meis

679 3185 916 3269 optime
978 3183 1059 3249 de
1114 3205 1218 3248 me
1271 3184 1513 3249 meritis
1570 3185 1813 3268 gratias
1876 3183 2081 3249 habeo
2155 3207 2533 3271 semperque
2604 3183 2853 3249 habebo

676 3312 1006 3356 maximas.

1570 3474 1966 3481 -—-———-——

1570 3487 1967 3495 ——-——

1224 3800 1233 3810 ⁹
1489 3716 2064 3800 Corrigenda:

811 3869 860 3918 p.
887 3855 963 3915 13,
990 3854 1049 3902 18
1086 3850 1579 3918 componendorum.
1608 3879 1670 3887 —
1695 3868 1744 3917 p.
1770 3854 1847 3915 16,
1874 3855 1937 3902 25
1973 3852 2049 3902 ita
2083 3858 2146 3902 ut
2167 3829 2335 3902 actio.
2377 3880 2439 3888 —
2476 3869 2527 3918 p.
2553 3857 2631 3910 17,
2652 3855 2681 3902 3
2709 3889 2721 3914 ‚
2746 3857 2855 3901 aut.

677 3965 742 3976 —
775 3956 823 4005 p.
865 3943 944 4001 25,
984 3943 1011 3987 7
1049 3938 1236 3989 reddit.
1310 3943 1369 3987 17
1409 3937 1730 3989 enumeravi.
1799 3941 1857 3988 19
1894 3937 2125 3988 reddere.
2196 3965 2263 3974 —
2329 3955 2378 4004 p.
2419 3941 2499 3999 26,
2538 3942 2566 3987 2
2607 3937 2859 3987 historico

675 4024 862 4090 accipi,
900 4040 1056 4074 nunc.

1571 4218 1968 4254 -—,4.-.-.

2849 4993 2936 5067 sp
2855 4948 2897 4978 vl
2860 4897 2899 4938 m
2881 4828 2934 4887 ου
