3181 5188
1372 562 1455 625 25

305 762 542 846 copula
570 760 912 844 antecedit,
959 769 1171 824 tamen
1200 784 1314 847 pro
1345 762 1761 827 historico'sit
1793 761 2193 827 habendum:
2238 761 2300 826 b.
2334 762 2496 826 alex.

308 870 414 954 15,
461 870 516 932 7.
598 870 696 952 76,
740 869 798 932 3.
857 869 1124 953 saepius.
1211 868 1273 933 b.
1317 869 1435 933 afr.
1492 870 1553 953 2,
1598 871 1656 933 4.
1738 870 1840 953 23,
1887 871 1943 934 1.
2019 870 2120 953 24,
2165 871 2222 935 3.
2296 871 2395 953 30,
2443 871 2497 934 1.

306 978 415 1060 50,
460 979 517 1041 5.
580 977 852 1060 saepius,
951 976 1096 1041 bell.
1155 976 1316 1061 hisp.
1383 978 1442 1060 9,
1484 977 1543 1041 4.
1587 980 1646 1042 5.
1728 978 1823 1061 12,
1866 979 1926 1042 4.
2009 979 2106 1062 13,
2153 979 2206 1042 1.
2297 979 2394 1062 14,
2439 981 2498 1042 2.

308 1085 414 1169 16,
461 1088 515 1148 1.
566 1085 660 1168 18,
705 1086 761 1149 8.
825 1085 927 1168 20,
972 1085 1029 1149 3.
1074 1085 1132 1150 5.
1198 1085 1300 1168 22,
1343 1085 1402 1149 2.
1467 1085 1570 1169 23,
1617 1086 1673 1149 8.
1739 1086 1839 1170 35,
1882 1087 1942 1150 4.
2009 1087 2109 1169 36,
2153 1086 2211 1150 5.

473 1191 621 1255 Huc
674 1192 921 1257 accedit
978 1192 1148 1278 quod
1205 1192 1444 1258 Caesar
1507 1215 1640 1257 non
1694 1195 1898 1258 solum
1958 1195 2024 1257 in
2081 1193 2365 1279 perfecto
2434 1202 2498 1257 et

302 1299 933 1385 plusquamperfecto
1004 1301 1242 1363 formas
1317 1299 1498 1364 verbi
1576 1300 1961 1365 substantivi
2046 1300 2497 1365 antecedentes

303 1407 534 1472 neddit
576 1408 911 1492 participio
972 1407 1085 1471 sed
1129 1408 1323 1472 etiam
1365 1409 1431 1471 in
1474 1407 1787 1485 infintivo,
1830 1408 2127 1494 quodque
2169 1408 2498 1473 adiectivis

303 1536 562 1600 quoque
612 1513 880 1578 verbum
934 1514 1403 1580 substantivum
1462 1515 1737 1580 libenter
1795 1518 2175 1601 anteposuit.
2268 1516 2498 1601 Neque

302 1622 576 1687 verbum
617 1644 744 1685 3333
786 1631 1036 1687 tantum
1077 1624 1169 1687 ita
1213 1623 1525 1687 collocare
1568 1621 1910 1706 adamavit,
1957 1625 2070 1688 sed
2102 1626 2292 1689 etiam
2316 1649 2500 1711 posse

306 1740 373 1795 et
417 1731 675 1812 similia3
738 1730 1031 1814 exempla
1071 1731 1378 1795 nonnulla
1421 1730 1747 1795 adferam:
1811 1730 1872 1795 b.
1916 1754 1966 1795 c.
2011 1731 2047 1794 I
2093 1733 2166 1795 17
2220 1734 2287 1798 in
2327 1735 2495 1819 peri·

302 1839 514 1904 culum
557 1861 684 1903 3333
726 1851 1067 1903 venturum.
1175 1838 1258 1903 50
1301 1852 1484 1924 atque
1527 1853 1663 1903 erat
1706 1838 1977 1925 difficile.
2064 1840 2125 1904 b.
2167 1862 2228 1924 g.
2274 1839 2373 1904 VI
2419 1842 2496 1906 10

284 1946 378 2032 fit
437 1946 516 2010 ab
583 1946 763 2010 Ubiis
820 1947 1062 2010 certior.
1149 1945 1212 2010 V
1254 1946 1337 2011 25
1394 1946 1595 2010 locum
1648 1946 1926 2011 hibernis
1989 1970 2115 2011 3333
2172 1950 2493 2012 munitum.

303 2054 367 2119 b.
416 2077 467 2118 c.
509 2053 581 2117 H
625 2055 704 2118 19
761 2076 888 2119 3333
917 2066 1180 2140 praesto
1228 2053 1572 2118 Cordubae.
1674 2053 1781 2118 III
1830 2055 1905 2118 10
1962 2078 2090 2118 3333
2149 2054 2494 2120 dimissum.

305 2163 388 2226 63
443 2175 654 2248 posset
694 2163 920 2226 resisti.
1007 2161 1085 2226 87
1139 2161 1277 2246 fuit
1319 2185 1574 2226 necesse.
1662 2162 1743 2226 99
1794 2161 1934 2246 fuit
1958 2161 2236 2247 falsum.
2324 2163 2384 2228 b.
2430 2186 2493 2248 g.
2603 2203 2612 2211 ·

305 2269 442 2334 VII
483 2271 563 2335 35
619 2283 771 2333 3333ι
828 2270 897 2332 in
947 2283 1292 2354 conspectu.
1378 2268 1550 2334 VIII
1592 2271 1673 2334 55
1728 2283 1862 2334 erat
1907 2269 2184 2334 dubium.
2277 2272 2494 2336 Etiam

306 2377 368 2441 b.
414 2399 476 2461 8.
520 2378 583 2443 V
625 2377 708 2441 23
770 2377 1009 2441 invenit
1068 2376 1341 2461 refectas
1411 2377 1889 2442 similitudinem
1960 2377 2280 2463 quandam
2353 2401 2495 2443 cum

310 2484 409 2548 his
452 2505 615 2570 quae
658 2484 847 2548 modo
893 2487 1250 2550 enumerari
1295 2485 1603 2571 exemplis
1647 2486 1861 2550 habet.

473 2592 782 2659 Videmus
843 2593 1039 2677 igitur
1097 2593 1439 2660 Gaesarem
1507 2596 1843 2660 adamasse
1905 2556 2175 2660 verbum
2243 2620 2371 2662 3333
2431 2606 2495 2662 et

309 2700 538 2764 similia
603 2702 692 2765 eis
763 2702 1090 2767 vocabulis
1163 2703 1540 2787 quibuscum
1605 2705 1944 2769 coniuncta
2011 2713 2159 2769 sunt
2216 2704 2496 2770 neddere

309 2807 772 2891 antecedentia,
837 2808 1007 2874 hunc
1069 2818 1283 2875 autem
1341 2833 1528 2875 usum
1584 2811 1722 2877 fere
1775 2834 1905 2875 non
1959 2811 2266 2876 habemus
2325 2813 2495 2897 apud

308 2914 680 2981 Sallustium
723 2926 787 2980 et
831 2917 897 2980 in
939 2916 1060 2981 hoc
1103 2939 1293 2982 causa
1321 2920 1534 3003 posita
1576 2927 1674 2983 est
1709 2942 1819 2983 cur
1846 2918 2201 2984 Hoffmann
2230 2919 2497 2984 eandem

311 3022 841 3108 observationem,
913 3047 1105 3111 quam
1161 3025 1241 3090 de
1297 3027 1507 3110 logico
1567 3036 1927 3113 temporum
2002 3029 2496 3112 compositorum

309 3153 427 3194 usu
471 3131 640 3215 apud
686 3132 1028 3197 Caesarem
1084 3133 1359 3198 instituit
1377 3184 1396 3218 ,
1456 3134 1627 3218 apud
1683 3134 2056 3201 SaHustium
2112 3135 2326 3201 facere
2366 3158 2496 3200 non

310 3240 605 3323 potuerit.

477 3347 640 3412 Cum
694 3349 761 3411 in
816 3349 891 3412 iis
948 3371 1116 3434 *quae
1180 3351 1565 3416 antecedunt
1634 3350 1904 3415 dixerim
1960 3352 2366 3436 participium
2428 3353 2494 3415 in

313 3455 703 3541 temporibus
789 3459 1155 3542 compositis
1241 3458 1428 3523 facile
1511 3458 1594 3523 ad
1672 3467 1970 3523 naturam
2040 3459 2496 3524 adiectivorum

312 3563 630 3649 accedere,
675 3566 967 3651 exempla
989 3566 1295 3630 nonnulla
1336 3566 1627 3631 adferam
1669 3568 1735 3630 in
1772 3567 2002 3652 quibus
2032 3590 2113 3631 ex
2142 3567 2492 3652 adiectiviS,

315 3692 475 3755 quae
517 3671 736 3737 addita
782 3682 932 3738 sunt
974 3676 1149 3739 velut
1211 3676 1552 3740 transitum
1614 3675 1696 3739 ad
1738 3676 1908 3740 hunc
1950 3676 2312 3742 liberiorem
2353 3700 2494 3762 par-

314 3780 670 3865 ticipiorum
712 3787 898 3845 usum
939 3784 1341 3866 agnoscimus
1388 3782 1466 3847 cf.
1512 3782 1573 3847 b.
1621 3805 1683 3867 8.
1728 3782 1863 3848 VII
1903 3784 1987 3849 22
2043 3798 2254 3849 notum
2312 3798 2495 3872 atque

313 3888 609 3952 usitatum
653 3903 758 3954 est.
859 3889 920 3954 b.
967 3913 1018 3953 c.
1063 3889 1171 3954 III
1210 3891 1293 3955 40
1353 3914 1514 3976 quae
1573 3904 1755 3955 erant
1798 3891 2115 3979 delzyatae
2155 3906 2210 3957 et
2252 3894 2491 3956 inanes.
2529 3919 2532 3922 ·

313 3996 389 4059 43
431 4009 608 4060 erant
652 3995 813 4061 editi
852 4011 1036 4082 atque
1082 4000 1304 4083 asperi
1337 3998 1541 4063 colles,
1642 3997 1721 4061 cf.
1781 4000 1974 4063 etiam
2030 3999 2089 4063 b.
2132 4022 2195 4084 8.
2239 4000 2374 4065 VII
2411 4002 2492 4065 55

316 4116 443 4167 erat
486 4104 790 4196 oppidum
820 4107 1122 4191 positum.
1209 4105 1271 4169 b.
1319 4129 1370 4170 c.
1415 4105 1522 4170 III
1563 4107 1603 4170 9
1648 4119 1736 4171 est
1779 4120 1982 4171 autem
2023 4106 2365 4194 oppidum.
2394 4158 2406 4171 .
2434 4158 2488 4172 ..

266 4229 270 4236 ·
316 4214 614 4276 munitum
662 4213 726 4275 in
772 4213 1001 4298 quibus
1046 4213 1449 4298 participium
1491 4213 1624 4277 vim
1667 4209 2081 4300 temporalem
2123 4224 2325 4279 totam
2367 4217 2493 4279 iam

319 4320 526 4383 amisit
563 4322 811 4384 etiamsi
854 4320 1172 4385 adiectiva
1213 4343 1343 4384 non
1386 4321 1682 4406 adposita
1723 4332 1889 4387 sunt.
