3181 5188
1723 554 1805 617 24
1921 647 1964 650 q

842 757 1217 822 Hoffmanni
1281 756 1643 821 observatio
1705 756 1756 817 si
1798 764 1975 818 recta
2018 764 2134 835 est,
2180 753 2395 817 valere
2438 749 2629 815 debet
2672 751 2922 814 etiam

678 868 745 930 in
775 867 1074 951 perfectis
1106 866 1491 950 compositis,
1526 862 1695 950 quod
1728 862 1986 948 probari
2028 862 2267 946 nequit.
2334 858 2665 924 Habemus
2708 858 2924 920 enim

679 975 1046 1059 saepissime
1115 974 1363 1038 etiamsi
1435 972 1661 1057 copula
1731 971 2054 1036 antecedit
2122 971 2186 1033 in
2251 969 2579 1032 enuntiato
2646 987 2922 1030 secun-

680 1082 857 1146 dario
896 1082 1285 1166 imperfecta,
1331 1080 1560 1166 quibus
1607 1079 1923 1144 indicatur
1965 1089 2214 1163 tempus
2257 1079 2322 1140 in
2368 1077 2696 1141 enuntiato
2759 1075 2921 1159 pri-

679 1192 878 1254 mario
949 1189 1314 1254 habendum
1392 1210 1530 1251 esse
1598 1208 1714 1272 pro
1790 1188 2134 1271 praeterito
2208 1186 2286 1249 cf.
2373 1184 2432 1248 b.
2492 1206 2554 1268 g.
2620 1182 2690 1247 H
2788 1183 2917 1246 27.

679 1297 789 1361 III
827 1298 926 1362 29.
985 1296 1084 1361 VI
1125 1297 1225 1361 37.
1286 1295 1419 1359 VII
1462 1296 1561 1360 30.
1649 1296 1710 1359 b.
1746 1318 1797 1358 c.
1842 1295 1877 1359 Ι
1920 1296 1975 1359 7.
2033 1294 2104 1358 II
2148 1296 2242 1358 13.
2303 1293 2408 1358 III
2451 1295 2550 1357 37.
2599 1292 2719 1356 112
2763 1292 2918 1355 bis.

682 1406 1025 1470 Praeterea
1066 1406 1422 1468 invenimus
1468 1426 1660 1489 saepe
1726 1403 2017 1488 copulam
2078 1401 2563 1467 antecedentem
2617 1402 2684 1464 in
2730 1422 2917 1485 per·

683 1512 869 1576 fectis
914 1514 1300 1597 compositis,
1347 1532 1511 1595 quae
1552 1533 1669 1596 pro
1715 1511 1873 1596 perf.
1917 1510 2141 1594 logicis
2175 1509 2394 1573 haberi
2422 1531 2554 1572 non
2584 1516 2913 1593 possunt.

685 1620 745 1683 b.
790 1641 852 1703 g.
898 1619 959 1683 V
1001 1621 1074 1684 21
1124 1620 1425 1704 multique
1465 1620 1533 1682 in
1577 1619 1741 1704 fuya
1785 1632 1930 1681 sunt
1973 1618 2400 1702 comprehensi
2451 1631 2636 1701 atque
2678 1620 2907 1678 inter·

682 1727 855 1811 fecti.
943 1725 1077 1790 VII
1124 1727 1196 1791 17
1243 1727 1425 1790 nulla
1470 1750 1595 1790 vooe
1636 1741 1724 1790 est
1768 1726 1846 1789 ab
1888 1727 1972 1790 iis
2014 1725 2260 1789 audita.
2348 1725 2430 1789 25
2471 1746 2579 1788 nec
2611 1724 2909 1810 primus

680 1834 791 1898 ille
830 1849 915 1898 est
959 1858 1000 1898 a
1038 1835 1620 1923 propuqnatoribus
1662 1858 1896 1898 vacuus
1940 1834 2195 1898 relictus
2239 1833 2429 1911 locus,
2489 1855 2679 1917 quam
2703 1829 2906 1915 finis

675 1942 1022 2029 puq‘nandi
1065 1957 1153 2007 est
1194 1943 1428 2025 factus.
1532 1943 1615 2007 28
1669 1967 1829 2028 pars
1886 1942 1965 2005 ab
2023 1941 2329 2027 equitibus
2388 1954 2475 2004 est
2532 1939 2901 2022 interfecta

684 2051 762 2114 cf.
829 2052 1022 2115 etiam
1079 2050 1212 2114 VH
1253 2051 1352 2114 62.
1439 2051 1500 2114 b.
1548 2074 1600 2113 c.
1658 2049 1763 2113 III
1818 2050 1918 2133 22,
1983 2050 2082 2132 99,
2145 2049 2295 2131 1123
2369 2058 2593 2113 contra
2654 2056 2898 2111 autem

679 2158 741 2222 b.
787 2182 840 2222 c.
885 2158 991 2223 HI
1035 2159 1172 2241 109,
1207 2159 1248 2222 5
1286 2157 1448 2222 alter
1490 2158 1858 2242 interfectus
1900 2172 2003 2222 est.
2087 2156 2220 2220 Vll
2258 2157 2336 2220 51
2382 2179 2448 2220 eo
2493 2156 2596 2219 die
2639 2155 2897 2219 milites

677 2280 822 2330 sunt
883 2265 1109 2351 paullo
1177 2267 1389 2330 minus
1467 2266 1847 2353 septinqenti
1905 2265 2267 2329 desiderati.
2381 2264 2460 2328 cf.
2506 2263 2567 2327 b.
2614 2287 2665 2327 c.
2710 2263 2744 2326 I
2788 2263 2889 2326 51

679 2394 804 2459 quo
846 2375 913 2437 in
956 2373 1247 2458 exemplo
1292 2372 1636 2437 habemus:
1683 2373 2035 2437 desiderati
2071 2386 2233 2437 sunt.
2323 2371 2456 2436 VH
2498 2372 2577 2437 57
2624 2395 2887 2434 summa

677 2481 939 2567 imperii
992 2480 1274 2546 traditur
1321 2480 1755 2569 Camuloqen0‚
1813 2482 1929 2567 qui
1968 2530 1979 2543 .
2029 2529 2042 2542 .
2091 2481 2180 2544 ad
2239 2504 2375 2544 eum
2431 2493 2519 2543 est
2576 2479 2884 2542 honorem

678 2604 983 2654 evocatus.
1090 2589 1151 2653 b.
1199 2612 1250 2653 c.
1311 2587 1344 2653 I
1400 2589 1481 2654 46
1549 2589 1780 2672 facilis
1843 2603 1932 2653 est
2000 2590 2233 2653 nostris
2305 2602 2583 2673 receptus
2655 2585 2879 2650 datus.

677 2698 758 2764 82
811 2696 922 2761 sed
978 2696 1203 2760 eisdem
1270 2696 1346 2761 de
1402 2698 1617 2761 causis
1671 2720 1830 2782 quae
1883 2711 2028 2761 sunt
2093 2699 2377 2783 coqnitae
2422 2696 2750 2781 quominus
2785 2732 2885 2740 —

678 2804 878 2884 vellet,
933 2805 1307 2868 movebatur.
1416 2803 1486 2867 II
1531 2805 1609 2868 15
1680 2804 2020 2869 Trebonius
2080 2828 2153 2868 ea
2213 2827 2372 2889 quae
2424 2817 2568 2867 sunt
2631 2803 2882 2866 amissa

678 2912 929 2993 reficere
970 2912 1261 2975 instituit.
1351 2911 1423 2974 17
1470 2912 1736 2997 coqnitis
1778 2912 1862 2975 iis
1902 2911 2101 2994 rebus,
2168 2935 2327 2996 quae
2368 2923 2513 2975 sunt
2554 2911 2621 2974 in
2665 2909 2880 2974 Italia

681 3033 906 3106 qestae.
996 3020 1073 3083 18
1127 3020 1393 3107 coqnitis
1447 3019 1532 3082 iis
1585 3018 1785 3097 rebus,
1843 3042 2004 3103 quae
2061 3031 2206 3083 sunt
2258 3031 2467 3106 qestae
2524 3018 2876 3104 parabant.

681 3127 834 3190 ibid.
893 3126 1160 3190 navibus
1216 3126 1607 3212 comparatis
1673 3125 2124 3205 Massilienses,
2194 3140 2261 3190 ut
2327 3139 2415 3190 εει
2475 3127 2874 3213 imperatum,

684 3257 867 3297 arma
903 3234 1266 3319 proferunt,
1312 3244 1538 3299 contra
1581 3256 1719 3319 cap.
1750 3233 1832 3298 25
1874 3248 1929 3297 ει
1973 3258 2092 3318 quo
2134 3235 2507 3321 imperatum
2547 3247 2634 3298 εει
2664 3247 2873 3297 trans-

682 3355 844 3406 eunt.
928 3341 1036 3406 III
1078 3344 1113 3407 7
1159 3342 1269 3406 sed
1311 3365 1503 3428 neque
1544 3342 1656 3407 illi
1692 3342 1823 3407 sibi
1844 3342 2075 3427 confisi
2095 3365 2174 3406 eae
2199 3356 2387 3428 portu
2414 3341 2686 3429 prodire
2727 3354 2876 3405 sunt

686 3448 848 3513 ausi.
933 3449 1014 3513 34
1049 3454 1292 3535 parare
1332 3450 1559 3535 incipit
1593 3450 1942 3535 paucisque
1974 3466 2121 3537 post
2168 3450 2383 3514 diebus
2413 3464 2500 3514 εει
2525 3450 2870 3535 profectus.

683 3556 761 3620 51
827 3557 1005 3619 cuius
1066 3556 1340 3621 adventu
1401 3557 1613 3638 facile*
1667 3571 1813 3621 sunt
1870 3558 2117 3643 repulsi
2169 3557 2561 3643 Pompeiani.
2647 3557 2724 3621 67
2771 3556 2871 3619 hic

680 3663 1015 3749 paulisper
1071 3676 1159 3728 est
1207 3673 1578 3751 puqnatu‘m.
1677 3665 1757 3730 68
1814 3665 2179 3751 iqnorantia
2239 3666 2366 3730 loci
2414 3678 2559 3729 sunt
2612 3677 2869 3729 secutae.

685 3771 767 3837 69
808 3771 1171 3836 cernebatur
1214 3775 1541 3857 omniaque
1580 3785 1726 3835 sunt
1767 3772 1969 3836 subito
1997 3786 2258 3837 mutata.
2329 3774 2405 3837 91
2426 3776 2874 3859 praecucurrit

689 3893 874 3964 atque
917 3903 1053 3955 eum
1095 3879 1279 3944 electi
1314 3879 1542 3943 milites
1584 3892 1729 3944 sunt
1765 3881 2097 3965 prosecuti.

853 3987 1198 4052 Praeterea
1257 3987 1568 4053 habemus
1629 3986 2115 4053 demonstratum
2168 4002 2255 4051 est
2320 3988 2382 4052 b.
2429 4012 2480 4053 c.
2536 3989 2571 4053 I
2628 3990 2726 4054 38.
2771 3991 2869 4055 39.

688 4095 790 4160 48.
819 4094 918 4159 56.
991 4093 1064 4158 II
1104 4095 1204 4159 28.
1249 4094 1347 4158 34.
1393 4095 1494 4158 42.
1568 4093 1676 4158 ΙΠ
1718 4095 1776 4169 6,
1827 4105 2048 4160 contra
2090 4108 2177 4159 est
2220 4095 2704 4161 demonstratum
2749 4110 2873 4161 u'no

690 4209 940 4265 tantum
979 4202 1119 4266 loco
1161 4201 1222 4264 b.
1256 4223 1307 4264 c.
1354 4201 1388 4264 I
1432 4201 1530 4265 81.
1603 4201 1683 4265 In
1724 4203 2074 4267 minoribus
2120 4225 2372 4288 quoque
2411 4205 2590 4269 libris
2633 4206 2873 4268 inveni-

690 4330 830 4372 mus
874 4309 1227 4394 perfectum
1272 4309 1694 4393 compositum
1759 4311 1851 4373 ita
1906 4322 2299 4396 usurpatum,
2364 4320 2465 4375 ut*
2492 4333 2875 4396 quamquam
