3181 5188
1798 572 1880 644 54

1056 782 1275 846 tilinae
1304 774 1581 845 insertae
1610 790 1758 845 sunt
1794 799 1929 865 cap.
1953 779 2053 844 52.
2075 779 2190 861 58,
2237 779 2328 842 ita
2356 787 2429 842 ut
2461 778 2773 863 particula
2794 800 2936 841 cum

1056 890 1251 954 semel
1295 896 1544 953 tantum
1588 889 1672 952 sit
1721 889 1932 973 posita
1987 887 2127 954 Cat.
2170 888 2269 952 36.
2313 887 2414 952 52.
2500 886 2643 970 lug.
2687 887 2787 951 58.
2834 886 2934 951 62.

1489 1077 1722 1163 Apud
1763 1077 2199 1143 Velleium.

803 1223 855 1287 I.
915 1244 1087 1286 cum
1128 1221 1609 1285 indicativo
1652 1221 2046 1305 perfecti.

923 1353 979 1395 a.
1051 1333 1118 1393 in
1148 1331 1474 1394 enuntiato
1504 1330 1804 1414 primario
1833 1329 2140 1393 habemus
2170 1329 2542 1415 perfectum.
2593 1330 2663 1413 β)
2692 1329 2764 1394 H
2797 1329 2939 1413 129,

1054 1438 1095 1502 3
1136 1450 1609 1521 senatorumque
1650 1459 1912 1520 censum,
1953 1460 2189 1502 cum...

926 1545 986 1610 b.
1059 1545 1517 1630 imperfectum.
1602 1546 1669 1630 y)
1712 1543 1783 1608 H
1824 1545 1926 1629 28,
1969 1545 2029 1609 2.
2100 1546 2202 1628 47,
2244 1546 2302 1609 2.
2367 1545 2467 1628 61,
2517 1546 2569 1608 1.

926 1676 977 1717 c.
1052 1653 1760 1738 plusquamperfectum.
1861 1653 1928 1738 γ)
1971 1651 2044 1716 Π
2085 1653 2183 1736 70,
2225 1652 2284 1715 3.
2366 1652 2500 1735 101,
2549 1652 2602 1715 1.
2694 1652 2833 1735 117,
2884 1652 2939 1714 1.

787 1785 875 1849 Π.
938 1807 1114 1849 cum
1157 1786 1698 1849 coniunctivo
1741 1785 2118 1871 perfecti.

924 1915 980 1957 a.
1051 1892 1423 1978 perfectum.
1507 1894 1577 1977 β)
1634 1892 1669 1957 Ι
1710 1893 1768 1975 6,
1811 1893 1853 1956 5
1925 1917 1967 1956 a
2028 1916 2147 1978 quo
2209 1893 2489 1980 Maqnus
2546 1890 2940 1974 Alexander,

1057 2024 1194 2064 cum
1236 2048 1290 2064 ..
1373 1999 1445 2064 H
1490 1998 1627 2085 122,
1674 2003 1701 2063 1
1751 1999 1935 2085 quod.

926 2108 987 2171 b.
1057 2129 1374 2192 praesens.
1459 2109 1530 2190 α)
1572 2106 1610 2171 Ι
1654 2107 1750 2189 16,
1799 2107 1854 2171 1.

925 2237 977 2279 c.
1054 2215 1339 2281 futurum
1380 2214 1432 2280 I.
1516 2215 1588 2298 β)
1630 2214 1702 2279 H
1746 2215 1884 2298 126,
1926 2214 1968 2278 2
2009 2216 2167 2300 quis.

928 2322 988 2387 d.
1057 2322 1124 2408 γ)
1167 2322 1202 2387 Ι
1244 2324 1301 2408 8,
1345 2323 1386 2386 5
1428 2322 1685 2387 libenter
1727 2324 2106 2401 accesserim,
2150 2346 2292 2386 cum
2329 2324 2443 2387 vim
2474 2323 2771 2408 potuerit.

763 2453 888 2518 HI.
935 2477 1106 2519 cum
1151 2457 1693 2520 coniunctivo
1737 2456 2240 2542 imperfecti.

929 2586 985 2629 a.
1063 2563 1433 2649 perfectum.
1529 2564 1600 2650 α)
1664 2562 1735 2629 Π
1790 2565 1886 2649 14,
1947 2564 2005 2629 3.
2101 2563 2196 2648 18,
2260 2564 2319 2629 4.
2410 2565 2510 2649 33,
2575 2567 2629 2629 1.
2704 2564 2842 2648 120,
2882 2563 2942 2626 4.

1060 2671 1307 2757 β)Ι9,
1351 2673 1391 2736 6
1450 2672 1637 2758 quod.
1726 2673 1821 2757 10,
1863 2673 1907 2735 4
1963 2673 2037 2735 is.
2121 2671 2293 2755 113,
2358 2672 2391 2736 1
2448 2672 2713 2736 Nasica.
2799 2672 2860 2756 6,
2905 2670 2945 2734 6

1066 2780 1407 2845 Gracchus.
1512 2780 1605 2863 13,
1662 2779 1704 2843 2
1770 2779 1896 2865 qui.
1999 2779 2094 2863 14,
2136 2779 2178 2843 2
2238 2778 2367 2844 sed.
2461 2780 2561 2863 20,
2604 2779 2645 2843 3
2689 2780 2944 2866 pulsus.

1067 2887 1169 2968 21,
1213 2887 1254 2951 3
1292 2887 1600 2971 posthoc.
1678 2886 1779 2970 22,
1821 2887 1864 2949 4
1909 2885 2187 2950 Catulus.
2271 2886 2373 2971 24,
2414 2888 2457 2950 4
2515 2910 2701 2972 quam
2759 2884 2946 2973 quod.

1064 2994 1164 3076 35,
1207 2994 1247 3058 3
1308 2994 1408 3058 hic
1467 2994 1754 3059 tribunus
1801 2994 2021 3079 plebis.
2104 2994 2205 3078 44,
2248 2995 2290 3058 5
2353 2994 2624 3060 Bibulus
2682 2994 2944 3081 colleqa.

1063 3101 1165 3185 45,
1209 3102 1250 3165 5
1310 3101 1494 3187 quod.
1578 3103 1680 3185 51,
1728 3102 1760 3166 1
1818 3103 2112 3188 proximo
2155 3125 2341 3166 anne.
2426 3102 2525 3186 54,
2569 3103 2609 3166 3
2669 3104 2786 3188 qui
2821 3103 2942 3168 vir.

1065 3208 1166 3290 59,
1196 3209 1337 3273 flet.
1409 3209 1509 3294 62,
1537 3209 1579 3273 2
1622 3233 1788 3273 nam.
1852 3210 2019 3293 68,1
2055 3209 2324 3274 Caelius.
2389 3209 2487 3293 70,
2518 3210 2712 3296 3qui.
2775 3211 2875 3295 71,
2909 3212 2940 3272 1

1068 3316 1394 3384 Messalla.
1453 3318 1550 3397 76,
1583 3318 1617 3380 1
1656 3317 1940 3381 Velleius.
2015 3317 2111 3400 77,
2155 3318 2194 3381 2
2237 3318 2363 3402 qui.
2426 3317 2525 3398 83,
2545 3318 2584 3380 3
2611 3316 2946 3402 Coponius.

1065 3422 1165 3506 92,
1207 3424 1249 3487 2
1291 3437 1362 3488 ει.
1449 3425 1587 3507 101,
1631 3424 1672 3487 2
1726 3423 1894 3509 quod
1935 3424 2373 3508 spectaculum.
2459 3425 2594 3509 113,
2636 3426 2678 3489 2
2721 3439 2788 3489 at
2830 3427 2945 3490 im-

1060 3544 1337 3616 perator.
1443 3532 1580 3614 123,
1638 3533 1679 3596 2
1736 3545 1791 3596 et
1851 3533 2315 3619 inqravescente
2371 3532 2729 3598 valetudine
2785 3558 2944 3598 cum.

1070 3639 1205 3721 125,
1248 3638 1290 3702 5
1333 3651 1399 3703 at
1441 3639 1820 3724 Hispanias.
1904 3640 1972 3724 γ)
2015 3638 2087 3703 H
2129 3640 2188 3724 8,
2237 3641 2289 3704 1.
2366 3642 2461 3724 19,
2504 3642 2562 3704 4.
2624 3642 2724 3725 33,
2753 3643 2794 3706 2
2843 3665 2945 3707 ac-

1067 3756 1265 3830 cepta.
1349 3745 1449 3828 49,
1493 3746 1534 3810 3
1574 3759 1901 3832 receptum.
1986 3747 2086 3831 52,
2131 3748 2189 3813 6.
2274 3748 2374 3831 65,
2416 3749 2475 3812 2.
2520 3750 2578 3813 6.

938 3851 1000 3915 b.
1072 3852 1531 3937 imperfectum.
1614 3854 1684 3936 β)
1728 3851 1798 3917 II
1839 3855 1897 3937 6,
1941 3856 1981 3918 2
2024 3858 2149 3939 qui.
2220 3854 2321 3938 23,
2364 3857 2406 3919 5
2447 3856 2736 3920 homines.
2805 3856 2943 3937 109,

1063 3959 1105 4023 3
1146 3958 1328 4044 quod.
1413 3960 1481 4044 γ)
1521 3958 1594 4023 H
1635 3960 1734 4044 62,
1778 3961 1835 4025 6.
1907 3961 2006 4044 63,
2056 3963 2079 4025 1
2134 3961 2250 4025 bis.
2332 3962 2429 4043 72,
2472 3963 2531 4027 5.
2604 3963 2701 4047 73,
2744 3964 2803 4027 3.

937 4089 988 4129 c.
1068 4065 1778 4151 plusquamperfectum.
1862 4068 1931 4152 β)
1986 4067 2058 4132 H
2099 4069 2155 4152 7,
2200 4069 2236 4133 7
2282 4067 2355 4133 id
2393 4071 2677 4133 maiores.
2762 4070 2863 4154 21,
2910 4070 2942 4133 1

1066 4174 1243 4238 circa
1286 4198 1473 4259 quam
1515 4175 1741 4240 urbem.
1821 4176 1889 4260 y)
1932 4174 2003 4239 Π
2044 4176 2143 4259 66,
2192 4177 2245 4240 1.
2311 4177 2410 4257 69,
2453 4177 2512 4241 3.
2577 4164 2677 4262 95,
2719 4178 2778 4241 3.

937 4279 997 4344 d.
1071 4282 1511 4345 coniunctivus
1555 4282 1967 4370 imperfecti.·
2011 4284 2082 4366 β)
2127 4281 2197 4345 II
2236 4284 2295 4371 5,
2338 4284 2379 4349 2
2422 4298 2504 4351 ut.
