3181 5188
1360 610 1439 673 31

502 808 567 891 δ)
631 807 971 872 verbum
1014 762 1287 873 &fiunt-
1331 832 1486 874 sec.
1535 810 1786 874 deest.
1894 808 2040 873 hist.
2102 808 2199 873 IV
2242 808 2342 894 83,
2391 809 2484 872 14.

631 937 778 979 ann.
824 914 895 979 H
936 916 994 981 9.
1043 916 1138 981 14.
1203 916 1334 981 XV
1376 918 1477 982 56.

377 1072 430 1112 c.
497 1051 950 1114 enuntiata
1010 1052 1560 1115 consecutiva
1616 1073 1868 1136 semper
1907 1050 2213 1114 habemus
2257 1051 2484 1134 imper-

499 1156 776 1220 fectum:
822 1179 968 1220 ann.
1015 1156 1116 1220 XI
1163 1157 1261 1221 32.
1337 1157 1511 1221 ΧΙΠ
1554 1159 1611 1222 8.
1656 1158 1756 1222 20.
1799 1159 1898 1221 41.
1965 1157 2097 1220 XV
2141 1158 2198 1220 9.
2242 1158 2341 1221 55.
2386 1158 2484 1222 60.

277 1263 635 1329 Praevalet
679 1265 876 1348 igitur
931 1266 994 1327 in
1039 1263 1155 1328 his⁴
1184 1266 1659 1329 enuntiatorum
1704 1265 2046 1349 generibus
2089 1263 2259 1349 apud
2301 1264 2484 1328 Taci-

270 1382 433 1435 tum
474 1393 629 1435 usus
672 1373 1005 1456 praeteriti
1046 1381 1194 1457 post
1235 1393 1537 1456 praesens
1581 1372 1972 1449 historicum.

459 1563 539 1628 V.
606 1548 956 1627 Videamus
1001 1584 1171 1626 nunc
1216 1584 1339 1648 quo
1385 1563 1578 1627 modo
1607 1562 1949 1627 discrimen
1977 1564 2144 1629 inter
2170 1564 2485 1627 rationem

274 1679 654 1754 temporum
696 1670 1032 1734 relativam
1076 1679 1140 1734 et
1181 1670 1542 1735 absolutam
1607 1692 1677 1734 se
1718 1669 1954 1735 habeat
1998 1674 2063 1735 in
2106 1672 2247 1736 aliis
2292 1693 2485 1734 enun-

274 1777 598 1840 tiatorum
641 1777 982 1860 generibus
1028 1778 1310 1862 exceptis
1343 1787 1407 1841 et
1445 1776 1544 1840 his
1590 1799 1755 1861 quae
1798 1780 1924 1842 iam
1967 1780 2380 1843 tractavimus
2424 1788 2488 1842 et

274 1884 752 1968 temporalibus
803 1907 968 1969 quae
1011 1885 1181 1949 infra
1223 1887 1582 1949 accuratius
1626 1878 1960 1950 tractaturi
2004 1907 2240 1950 sumus.

457 1991 553 2055 In
614 1993 1073 2056 enuntiatis
1138 1992 1615 2057 causalibus
1681 2004 2038 2077 temporum
2097 1995 2378 2058 rationes
2421 1995 2488 2057 in

271 2099 462 2163 hunc
501 2099 761 2178 modum
809 2101 1143 2164 instituere
1186 2122 1563 2186 possumus:

418 2232 499 2295 A.
552 2235 719 2296 actio
764 2236 1072 2318 primaria
1114 2246 1177 2301 et
1221 2234 1599 2299 secundaria
1639 2235 1921 2300 eiusdem
1966 2248 2117 2301 sunt
2159 2239 2481 2321 temporis.

493 2362 549 2404 a.
596 2341 982 2407 coincidunt.
1043 2338 1050 2347 ’

594 2451 666 2530 α)
722 2470 928 2535 praes.
976 2487 1053 2496 —
1098 2472 1305 2535 praeS.
1376 2452 1539 2536 Agr.
1590 2453 1684 2516 10.

592 2557 662 2640 β)
730 2558 879 2643 imp.
979 2597 1063 2606 —-
1103 2559 1252 2644 imp.
1381 2558 1542 2643 Agr.
1585 2560 1685 2626 30.

597 2665 663 2749 γ)
726 2665 887 2749 perf.
974 2703 1058 2713 --—
1098 2667 1250 2752 imp.
1376 2689 1523 2732 ann.
1568 2666 1673 2732 XI
1713 2667 1814 2733 20.

595 2772 662 2855 δ)
721 2773 927 2857 plusq.
973 2812 1058 2821 —
1097 2775 1247 2859 imp.
1375 2774 1522 2840 hist.
1568 2776 1676 2840 ΠΙ
1717 2777 1817 2841 54.

497 2877 555 2944 b.
599 2879 765 2943 actio
822 2879 1199 2944 secundaria
1263 2891 1456 2945 antea
1509 2884 1638 2946 iam
1697 2885 1981 2968 perfecta
2036 2896 2134 2950 est
2194 2896 2259 2950 et
2301 2886 2483 2950 abso-

593 2986 747 3068 luta,
794 2974 987 3070 quam
1030 2989 1198 3052 actio
1242 2990 1544 3073 primaria
1586 2992 1869 3076 incipiat.

592 3094 664 3178 α)
722 3095 881 3180 perf.
924 3133 1006 3143 -
1050 3097 1254 3182 plusq.
1340 3096 1503 3182 Agr.
1546 3098 1607 3162 4.

592 3203 662 3285 β)
720 3203 871 3287 imp.
930 3241 1011 3251 --
1053 3205 1259 3290 plusq.
1344 3204 1491 3270 hist.
1536 3204 1642 3269 ΠΙ
1685 3207 1743 3270 4.

501 3330 552 3372 c.
599 3311 894 3394 proprius
936 3312 1063 3374 iam
1106 3311 1467 3376 accedimus
1511 3312 1594 3377 ad
1636 3314 1950 3378 rationem
1993 3313 2284 3380 absolute
2343 3339 2486 3382 cau-

595 3438 731 3480 sam
775 3425 839 3481 et
881 3426 1180 3482 eventum
1216 3418 1667 3503 coniungendi,
1711 3420 1765 3483 si
1808 3421 1874 3484 in
1904 3423 2233 3486 enuntiato
2265 3445 2482 3487 secun·
2581 3503 2585 3508 .

596 3522 772 3588 dario
816 3523 1180 3609 perfectum*
1200 3525 1530 3609 habemus,
1561 3528 1712 3609 quia
1740 3526 1862 3590 hoc
1890 3549 2020 3591 non
2048 3528 2482 3614 distinguitur,

595 3641 809 3695 utrum
849 3633 1016 3695 actio
1060 3632 1465 3717 secundaria,
1528 3635 1583 3696 si
1640 3644 1889 3718 tempus
1935 3645 2295 3720 spectamus
2339 3658 2483 3720 pro-

594 3740 736 3823 pius
779 3741 880 3804 vel
921 3738 1175 3823 longius
1219 3740 1302 3804 ab
1346 3742 1600 3805 actione
1644 3742 1945 3825 primaria
1987 3742 2174 3807 absit.

595 3847 666 3929 a)
720 3846 879 3931 perf.
923 3882 1006 3892 —·
1047 3846 1208 3930 perf.
1294 3869 1440 3911 ann.
1486 3846 1557 3911 H
1609 3849 1691 3913 48
1752 3850 1936 3912 auxit
1977 3849 2146 3934 quod
2187 3848 2480 3935 tradidit,

719 3956 1074 4018 accuratius
1119 3977 1423 4040 expressa
1464 3965 1634 4021 esset
1676 3964 1907 4019 natura
1947 3957 2215 4020 actionis
2258 3978 2479 4020 secun-

723 4061 938 4125 dariae
977 4063 1270 4147 ratioque
1312 4064 1698 4149 temporalis²
1743 4064 1797 4129 si
1840 4064 2198 4148 scripsisset
2217 4063 2479 4128 Tacitus

721 4170 838 4253 qui
873 4168 1250 4234 tradiderat.

593 4276 664 4358 β)
729 4277 876 4360 imp.
919 4313 1003 4323 -
1044 4276 1205 4360 perf.
1294 4299 1440 4342 ann.
1486 4277 1617 4342 XV
1658 4277 1757 4343 32.
