3181 5188
1379 610 1457 675 13

318 832 434 876 nes
489 812 581 874 ita
632 832 820 895 saepe
878 819 1247 893 occurrunt,
1315 821 1387 875 ut
1445 810 1969 875 consuetudinem
2036 832 2348 894 agnoscas
2420 810 2501 875 cf.

317 942 483 1000 mom,
526 919 688 982 inter
730 941 906 1003 quae,
951 918 1113 1000 hinc,
1157 917 1307 982 inde
1351 918 1631 1003 (saepius
1675 939 1816 982 cum
1861 917 2042 1003 elipsi
2087 918 2264 983 verbi
2307 918 2500 1001 finiti)

299 1026 498 1113 fuere
539 1027 666 1110 qui,
711 1039 889 1088 erant
932 1025 1059 1110 qui,
1104 1026 1350 1090 similia.

480 1132 613 1199 Sed
655 1143 945 1197 revertur
986 1156 1156 1198 nunc
1199 1133 1278 1197 ad
1322 1134 1678 1218 parataxin.

482 1241 669 1305 Ratio
738 1242 1145 1305 consecutiva
1201 1242 1578 1325 exprimitur
1631 1241 1952 1305 interdum
1995 1264 2125 1305 non
2169 1243 2499 1307 enuntiato

318 1348 692 1413 secundario
739 1351 1165 1429 consecutiVO‚
1212 1348 1324 1413 sed
1371 1348 1618 1412 duobus
1664 1350 2007 1413 enuntiatis
2054 1351 2369 1434 primariis
2412 1351 2504 1415 ita

320 1458 642 1521 collocatis
709 1468 780 1521 ut
843 1459 1240 1523 enuntiatum
1313 1456 1482 1541 quod
1554 1457 2022 1521 secundarium·
2072 1480 2209 1522 esse
2281 1457 2503 1522 debuit

317 1567 522 1651 primo
563 1551 704 1630 loco
748 1567 1025 1651 positum
1069 1567 1170 1647 sit,
1215 1565 1486 1629 alterum
1515 1587 1668 1628 vero
1701 1566 1979 1629 secundo
2023 1566 2162 1629 loco
2200 1577 2502 1651 sequatur

319 1675 502 1757 quasi
547 1672 861 1758 quaedam
905 1673 1301 1756 exclamati0‚
1348 1673 1427 1736 cf.
1474 1672 1620 1763 hist.
1665 1673 1718 1756 Ι,
1761 1673 1801 1736 9
1864 1696 1939 1736 ne
1994 1675 2195 1758 quieto
2253 1673 2498 1758 quidem

316 1782 513 1845 milite
584 1783 851 1869 reyimen
874 1804 894 1862 ,·
966 1780 1122 1845 adeo
1189 1781 1702 1845 accendebantur.
1818 1779 2056 1844 ibidem
2109 1781 2208 1845 37.
2271 1779 2342 1843 Il
2399 1781 2498 1845 91.

316 1890 416 1955 IV
457 1892 556 1954 39.
602 1891 699 1953 80.
733 1900 737 1905 ’
785 1912 932 1954 ann.
977 1890 1011 1953 Ι
1052 1890 1152 1954 50.

480 1998 722 2082 Magno
765 1997 1040 2082 denique
1082 2019 1344 2061 numero
1391 1998 1864 2060 enuntiatorum
1906 2019 2072 2081 quae
2114 2019 2153 2060 a
2190 1997 2503 2082 particula

317 2118 384 2168 ut
425 2106 738 2191 incipiunt
783 2116 846 2170 et
888 2105 1240 2169 narrationi
1283 2106 1525 2168 inserta
1568 2113 1737 2187 sunt,
1798 2127 1896 2169 ex.
1942 2127 2037 2189 gr.
2097 2119 2163 2168 ut
2220 2119 2306 2169 est
2370 2130 2502 2169 mos

319 2212 512 2299 υιιῖρί,
586 2228 653 2276 ut
716 2227 926 2277 notum
997 2227 1115 2296 est,
1195 2212 1669 2276 demonstratur
1737 2212 2033 2276 Tacitum
2103 2211 2290 2277 facile
2361 2235 2501 2278 sen-

317 2321 549 2385 tentias
610 2331 673 2384 et
736 2322 1156 2404 cogitationes
1200 2342 1329 2385 non
1373 2330 1506 2384 tam
1548 2321 1799 2383 ratione
1855 2320 2266 2405 hypotactica
2309 2343 2501 2405 quam

315 2431 562 2492 ratione
604 2430 995 2513 paratactica
1034 2429 1438 2512 coniungere.
1511 2427 1829 2513 Exempla
1871 2430 2084 2493 omnia
2129 2450 2502 2493 enumerare

318 2538 742 2602 necessarium
800 2559 930 2602 non
987 2546 1101 2621 est,
1165 2536 1395 2601 sufficit
1439 2537 1853 2622 cognovisse,
1913 2536 2064 2622 quid
2109 2537 2261 2602 talia
2305 2559 2499 2602 enun-

318 2648 476 2710 tiata
519 2647 772 2710 valeant
814 2648 881 2711 in
925 2647 1400 2711 enuntiatorum
1460 2645 2041 2730 compenendorum
2102 2645 2271 2729 apud
2314 2644 2498 2709 Taci-

318 2764 454 2818 tum
495 2756 760 2819 ratione.

480 2863 707 2927 Restat
774 2885 945 2927 nunc
1004 2874 1076 2928 ut
1140 2862 1428 2927 adferam
1490 2863 1665 2927 locos
1736 2863 2074 2927 nonnullos
2138 2864 2205 2927 in
2271 2861 2499 2947 quibus

315 2972 479 3034 ratio
536 2972 928 3055 paratactica
990 2969 1266 3056 quodam
1322 2969 1512 3034 modo
1579 2972 1919 3035 coniuncta
1962 2981 2059 3035 est
2114 2992 2256 3034 cum
2299 2970 2499 3054 hypo-

316 3079 565 3142 tactica.
672 3078 820 3142 hist.
877 3077 947 3142 H
1005 3079 1079 3141 17
1137 3092 1473 3163 aperuerat
1525 3079 1659 3141 iam
1712 3077 1976 3141 Italiam·
2029 3077 2272 3158 bellum,
2333 3077 2502 3162 quod

317 3186 753 3250 transmiserat
807 3186 919 3250 ala
979 3185 1270 3264 Siliana,
1335 3185 1511 3248 nullo
1576 3185 1757 3270 apud
1816 3209 2182 3270 quemquam
2243 3184 2502 3250 Othonis

300 3293 559 3377 favore,
604 3317 713 3357 nec
757 3295 909 3379 quia
967 3293 1283 3358 Vitellium
1327 3293 1605 3371 mallent,
1652 3292 1763 3356 sed
1807 3293 1996 3380 Zonya
2034 3316 2175 3377 pam
2215 3292 2499 3380 freqerat

313 3402 545 3485 faciles
587 3402 1037 3487 occupantibus
1080 3416 1135 3465 et
1173 3401 1534 3465 melioribus
1574 3402 1947 3465 incuriosos.
2007 3400 2159 3465 ibid.
2189 3400 2272 3464 45
2321 3401 2496 3465 1—3.

318 3508 468 3573 ibid.
506 3509 542 3573 I
571 3509 652 3573 39
697 3511 971 3598 aqitasse
1015 3510 1268 3587 dicitur,
1312 3510 1442 3573 sive
1483 3522 1551 3572 ut
1592 3507 1901 3591 mulceret,
1936 3531 2043 3572 seu
2070 3546 2154 3555 —
2195 3507 2497 3573 credebat.

317 3615 467 3681 ibid.
498 3616 532 3679 I
563 3617 641 3680 76
683 3617 991 3699 manebat,
1026 3640 1150 3681 non
1178 3617 1460 3701 partium
1491 3615 1722 3699 studiO,
1753 3615 1864 3680 sed
1885 3628 2037 3680 erat.
2105 3616 2202 3699 85,
2238 3616 2497 3680 18—21.

317 3723 415 3807 36,
458 3724 681 3789 6—11.
